<?xml version="1.0" encoding="UTF-8"?>
<!DOCTYPE html PUBLIC "-//W3C//DTD XHTML 1.0 Transitional//EN"
    "http://www.w3.org/TR/xhtml1/DTD/xhtml1-transitional.dtd">
<html xmlns="http://www.w3.org/1999/xhtml" xml:lang="en" lang="en">
 <head>
  <title>
</title>
<meta http-equiv="Content-Type" content="text/html;charset=utf-8" />
  <meta name='ocr-system' content='tesseract 3.04.00' />
  <meta name='ocr-capabilities' content='ocr_page ocr_carea ocr_par ocr_line ocrx_word'/>
</head>
<body>
  <div class='ocr_page' id='page_1' title='image "./herodotimusae00unkngoog_0073.png"; bbox 0 0 2967 5150; ppageno 0'>
   <div class='ocr_carea' id='block_1_1' title="bbox 587 3336 1188 3417">
    <p class='ocr_par' dir='ltr' id='par_1_1' title="bbox 587 3336 1188 3417">
     <span class='ocr_line' id='line_1_1' title="bbox 587 3336 1188 3417; baseline -0.002 -21"><span class='ocrx_word' id='word_1_1' title='bbox 587 3341 594 3351; x_wconf 81' lang='grc'><em>“</em></span> <span class='ocrx_word' id='word_1_2' title='bbox 690 3336 893 3417; x_wconf 82' lang='lat' dir='ltr'><strong>populi</strong></span> <span class='ocrx_word' id='word_1_3' title='bbox 947 3354 1188 3395; x_wconf 84' lang='lat' dir='ltr'><strong>nomen.</strong></span> 
     </span>
    </p>
   </div>
   <div class='ocr_carea' id='block_1_2' title="bbox 8 3968 33 5116">
    <p class='ocr_par' dir='ltr' id='par_1_2' title="bbox 8 3968 33 5116">
     <span class='ocr_line' id='line_1_2' title="bbox 8 3968 33 5116; baseline 0 0"><span class='ocrx_word' id='word_1_4' title='bbox 8 3968 33 5116; x_wconf 95' lang='lat' dir='ltr'><strong> </strong></span> 
     </span>
    </p>
   </div>
   <div class='ocr_carea' id='block_1_3' title="bbox 1357 417 2063 486">
    <p class='ocr_par' dir='ltr' id='par_1_3' title="bbox 1357 417 2063 486">
     <span class='ocr_line' id='line_1_3' title="bbox 1357 417 2063 486; baseline -0.011 0"><span class='ocrx_word' id='word_1_5' title='bbox 1357 417 2063 486; x_wconf 75' lang='lat' dir='ltr'>HERODOTI</span> 
     </span>
    </p>
   </div>
   <div class='ocr_carea' id='block_1_4' title="bbox 761 577 2679 786">
    <p class='ocr_par' dir='ltr' id='par_1_4' title="bbox 761 577 2679 786">
     <span class='ocr_line' id='line_1_4' title="bbox 761 577 2675 676; baseline -0.011 -8"><span class='ocrx_word' id='word_1_6' title='bbox 761 595 1032 676; x_wconf 73' lang='grc' dir='ltr'><strong><em>λασθεὶς</em></strong></span> <span class='ocrx_word' id='word_1_7' title='bbox 1077 594 1150 664; x_wconf 66' lang='grc' dir='ltr'><strong>δὲ</strong></span> <span class='ocrx_word' id='word_1_8' title='bbox 1195 591 1507 662; x_wconf 69' lang='grc' dir='ltr'><strong><em>ἐνθεῦτεν</em></strong></span> <span class='ocrx_word' id='word_1_9' title='bbox 1546 587 1745 676; x_wconf 70' lang='grc' dir='ltr'><strong><em>τρίτῳ</em></strong></span> <span class='ocrx_word' id='word_1_10' title='bbox 1788 583 1918 652; x_wconf 73' lang='grc' dir='ltr'><strong>ἔτεϊ</strong></span> <span class='ocrx_word' id='word_1_11' title='bbox 1954 577 2091 652; x_wconf 73' lang='grc' dir='ltr'><strong>ὑπὸ</strong></span> <span class='ocrx_word' id='word_1_12' title='bbox 2132 578 2427 650; x_wconf 74' lang='grc' dir='ltr'><strong><em>Μακέων</em></strong></span> <span class='ocrx_word' id='word_1_13' title='bbox 2458 597 2529 644; x_wconf 68' lang='grc' dir='ltr'><strong>τε</strong></span> <span class='ocrx_word' id='word_1_14' title='bbox 2558 577 2675 646; x_wconf 71' lang='grc' dir='ltr'><strong>καὶ</strong></span> 
     </span>
     <span class='ocr_line' id='line_1_5' title="bbox 764 677 2679 786; baseline -0.013 -16"><span class='ocrx_word' id='word_1_15' title='bbox 764 696 1041 786; x_wconf 81' lang='grc' dir='ltr'><strong><em>Λιβύων</em></strong></span> <span class='ocrx_word' id='word_1_16' title='bbox 1082 695 1198 766; x_wconf 76' lang='grc' dir='ltr'><strong>καὶ</strong></span> <span class='ocrx_word' id='word_1_17' title='bbox 1245 693 1754 783; x_wconf 74' lang='grc' dir='ltr'><strong><em>Καρχηδονίων,</em></strong></span> <span class='ocrx_word' id='word_1_18' title='bbox 1812 681 2083 754; x_wconf 71' lang='grc' dir='ltr'><strong><em>ἀπίκετο</em></strong></span> <span class='ocrx_word' id='word_1_19' title='bbox 2142 681 2211 762; x_wconf 76' lang='grc' dir='ltr'><strong>ἐς</strong></span> <span class='ocrx_word' id='word_1_20' title='bbox 2254 677 2679 766; x_wconf 75' lang='grc' dir='ltr'><strong><em>Πελοπόννη-</em></strong></span> 
     </span>
    </p>
   </div>
   <div class='ocr_carea' id='block_1_5' title="bbox 673 1037 1098 1054">
    <p class='ocr_par' dir='ltr' id='par_1_5' title="bbox 673 1037 1098 1054">
     <span class='ocr_line' id='line_1_6' title="bbox 673 1037 1098 1054; baseline 0 4096"><span class='ocrx_word' id='word_1_21' title='bbox 673 1037 1098 1054; x_wconf 95' lang='lat' dir='ltr'><strong> </strong></span> 
     </span>
    </p>
   </div>
   <div class='ocr_carea' id='block_1_6' title="bbox 673 1103 1675 1454">
    <p class='ocr_par' dir='ltr' id='par_1_6' title="bbox 673 1103 1675 1454">
     <span class='ocr_line' id='line_1_7' title="bbox 673 1103 1675 1189; baseline -0.017 -11"><span class='ocrx_word' id='word_1_22' title='bbox 673 1118 958 1178; x_wconf 86' lang='lat' dir='ltr'><strong>mercium</strong></span> <span class='ocrx_word' id='word_1_23' title='bbox 978 1109 1325 1178; x_wconf 79' lang='lat' dir='ltr'><strong>cumAfrica</strong></span> <span class='ocrx_word' id='word_1_24' title='bbox 1352 1117 1527 1189; x_wconf 88' lang='lat' dir='ltr'><strong>atque</strong></span> <span class='ocrx_word' id='word_1_25' title='bbox 1554 1103 1675 1162; x_wconf 85' lang='lat' dir='ltr'><strong>im-</strong></span> 
     </span>
     <span class='ocr_line' id='line_1_8' title="bbox 673 1188 1675 1285; baseline -0.017 -22"><span class='ocrx_word' id='word_1_26' title='bbox 673 1205 872 1285; x_wconf 82' lang='lat' dir='ltr'><strong>primis</strong></span> <span class='ocrx_word' id='word_1_27' title='bbox 903 1221 1042 1262; x_wconf 89' lang='lat' dir='ltr'><strong>cum</strong></span> <span class='ocrx_word' id='word_1_28' title='bbox 1063 1201 1308 1280; x_wconf 80' lang='lat' dir='ltr'>Cyrene,</span> <span class='ocrx_word' id='word_1_29' title='bbox 1340 1213 1490 1277; x_wconf 88' lang='lat' dir='ltr'><strong>quae</strong></span> <span class='ocrx_word' id='word_1_30' title='bbox 1502 1188 1675 1250; x_wconf 89' lang='lat' dir='ltr'><strong>The·-</strong></span> 
     </span>
     <span class='ocr_line' id='line_1_9' title="bbox 675 1275 1673 1351; baseline -0.015 -3"><span class='ocrx_word' id='word_1_31' title='bbox 675 1306 944 1348; x_wconf 87' lang='lat' dir='ltr'><strong>raeorum</strong></span> <span class='ocrx_word' id='word_1_32' title='bbox 972 1285 1083 1344; x_wconf 82' lang='lat' dir='ltr'><strong>fuit</strong></span> <span class='ocrx_word' id='word_1_33' title='bbox 1121 1283 1372 1344; x_wconf 87' lang='lat' dir='ltr'><strong>colonia.</strong></span> <span class='ocrx_word' id='word_1_34' title='bbox 1453 1277 1545 1336; x_wconf 83' lang='lat' dir='ltr'><strong>cf.</strong></span> <span class='ocrx_word' id='word_1_35' title='bbox 1572 1275 1673 1351; x_wconf 90' lang='lat' dir='ltr'><strong>IV,</strong></span> 
     </span>
     <span class='ocr_line' id='line_1_10' title="bbox 681 1361 1675 1454; baseline -0.021 -15"><span class='ocrx_word' id='word_1_36' title='bbox 681 1375 802 1440; x_wconf 87' lang='lat'><strong>156</strong></span> <span class='ocrx_word' id='word_1_37' title='bbox 845 1391 974 1454; x_wconf 81' lang='lat' dir='ltr'><strong>sqq.</strong></span> <span class='ocrx_word' id='word_1_38' title='bbox 1014 1373 1106 1430; x_wconf 89' lang='lat' dir='ltr'><strong>De</strong></span> <span class='ocrx_word' id='word_1_39' title='bbox 1149 1369 1350 1448; x_wconf 59' lang='lat' dir='ltr'><strong>Cfflype</strong></span> <span class='ocrx_word' id='word_1_40' title='bbox 1389 1363 1546 1424; x_wconf 84' lang='lat' dir='ltr'><strong>conf.</strong></span> <span class='ocrx_word' id='word_1_41' title='bbox 1574 1361 1675 1436; x_wconf 86' lang='lat' dir='ltr'><strong>IV,</strong></span> 
     </span>
    </p>
   </div>
   <div class='ocr_carea' id='block_1_7' title="bbox 680 1453 1811 1523">
    <p class='ocr_par' dir='ltr' id='par_1_7' title="bbox 680 1453 1811 1523">
     <span class='ocr_line' id='line_1_11' title="bbox 680 1453 1811 1523; baseline -0.019 0"><span class='ocrx_word' id='word_1_42' title='bbox 680 1461 824 1523; x_wconf 87' lang='lat'><strong>175.</strong></span> <span class='ocrx_word' id='word_1_43' title='bbox 870 1457 1012 1522; x_wconf 86' lang='lat'><strong>198.</strong></span> <span class='ocrx_word' id='word_1_44' title='bbox 1047 1471 1138 1502; x_wconf 89' lang='lat'><em>··--</em></span> <span class='ocrx_word' id='word_1_45' title='bbox 1238 1453 1391 1511; x_wconf 85' lang='lat' dir='ltr'><strong>Cum</strong></span> <span class='ocrx_word' id='word_1_46' title='bbox 1433 1455 1677 1509; x_wconf 84' lang='lat' dir='ltr'><strong>recentt.</strong></span> <span class='ocrx_word' id='word_1_47' title='bbox 1808 1479 1811 1482; x_wconf 76' lang='grc'><em>·</em></span> 
     </span>
    </p>
   </div>
   <div class='ocr_carea' id='block_1_8' title="bbox 678 1533 1701 4437">
    <p class='ocr_par' dir='ltr' id='par_1_8' title="bbox 679 1533 1679 1796">
     <span class='ocr_line' id='line_1_12' title="bbox 679 1533 1677 1622; baseline -0.007 -19"><span class='ocrx_word' id='word_1_48' title='bbox 679 1542 816 1603; x_wconf 87' lang='lat' dir='ltr'><strong>edd.</strong></span> <span class='ocrx_word' id='word_1_49' title='bbox 859 1542 1108 1622; x_wconf 75' lang='lat' dir='ltr'><strong>‚reposui</strong></span> <span class='ocrx_word' id='word_1_50' title='bbox 1167 1533 1513 1614; x_wconf 70' lang='grc' dir='ltr'><strong><em>ὄξελασθεὶς</em></strong></span> <span class='ocrx_word' id='word_1_51' title='bbox 1566 1549 1677 1614; x_wconf 81' lang='lat' dir='ltr'><strong>pro</strong></span> 
     </span>
     <span class='ocr_line' id='line_1_13' title="bbox 680 1618 1679 1706; baseline -0.017 -14"><span class='ocrx_word' id='word_1_52' title='bbox 680 1627 1018 1704; x_wconf 74' lang='grc' dir='ltr'><strong><em>ἐξελαθεὶς,</em></strong></span> <span class='ocrx_word' id='word_1_53' title='bbox 1073 1624 1148 1686; x_wconf 80' lang='lat' dir='ltr'><strong>de</strong></span> <span class='ocrx_word' id='word_1_54' title='bbox 1192 1643 1312 1706; x_wconf 89' lang='lat' dir='ltr'><strong>quo</strong></span> <span class='ocrx_word' id='word_1_55' title='bbox 1347 1621 1575 1702; x_wconf 84' lang='lat' dir='ltr'><strong>saepius</strong></span> <span class='ocrx_word' id='word_1_56' title='bbox 1614 1618 1679 1676; x_wconf 85' lang='lat' dir='ltr'><strong>iu</strong></span> 
     </span>
     <span class='ocr_line' id='line_1_14' title="bbox 683 1711 1422 1796; baseline -0.009 -23"><span class='ocrx_word' id='word_1_57' title='bbox 683 1713 968 1796; x_wconf 75' lang='lat' dir='ltr'>prioribus</span> <span class='ocrx_word' id='word_1_58' title='bbox 997 1711 1290 1772; x_wconf 85' lang='lat' dir='ltr'><strong>monitum</strong></span> <span class='ocrx_word' id='word_1_59' title='bbox 1318 1716 1422 1767; x_wconf 79' lang='lat' dir='ltr'><strong>est.</strong></span> 
     </span>
    </p>

    <p class='ocr_par' dir='ltr' id='par_1_9' title="bbox 678 1783 1701 4437">
     <span class='ocr_line' id='line_1_15' title="bbox 767 1783 1681 1872; baseline -0.014 -10"><span class='ocrx_word' id='word_1_60' title='bbox 767 1795 894 1862; x_wconf 73' lang='grc' dir='ltr'><strong>ὖπό</strong></span> <span class='ocrx_word' id='word_1_61' title='bbox 919 1791 1195 1859; x_wconf 81' lang='grc' dir='ltr'><strong><em>Μακέων</em></strong></span> <span class='ocrx_word' id='word_1_62' title='bbox 1213 1816 1275 1859; x_wconf 77' lang='grc' dir='ltr'><strong>τε</strong></span> <span class='ocrx_word' id='word_1_63' title='bbox 1290 1789 1396 1856; x_wconf 74' lang='grc' dir='ltr'><strong>καὶ</strong></span> <span class='ocrx_word' id='word_1_64' title='bbox 1419 1783 1681 1872; x_wconf 72' lang='grc' dir='ltr'><strong><em>Λιβύων</em></strong></span> 
     </span>
     <span class='ocr_line' id='line_1_16' title="bbox 682 1875 1681 1963; baseline -0.016 -17"><span class='ocrx_word' id='word_1_65' title='bbox 682 1883 788 1946; x_wconf 81' lang='grc' dir='ltr'><strong>καὶ</strong></span> <span class='ocrx_word' id='word_1_66' title='bbox 815 1881 1281 1963; x_wconf 75' lang='grc' dir='ltr'><strong><em>Καρχηδονίων]</em></strong></span> <span class='ocrx_word' id='word_1_67' title='bbox 1325 1879 1581 1936; x_wconf 79' lang='lat' dir='ltr'><strong>Haerent</strong></span> <span class='ocrx_word' id='word_1_68' title='bbox 1616 1875 1681 1932; x_wconf 86' lang='lat' dir='ltr'><strong>in</strong></span> 
     </span>
     <span class='ocr_line' id='line_1_17' title="bbox 678 1959 1685 2046; baseline -0.012 -17"><span class='ocrx_word' id='word_1_69' title='bbox 678 1967 768 2029; x_wconf 86' lang='lat' dir='ltr'><strong>his</strong></span> <span class='ocrx_word' id='word_1_70' title='bbox 783 1969 1212 2045; x_wconf 83' lang='lat' dir='ltr'><strong>Wesselingius</strong></span> <span class='ocrx_word' id='word_1_71' title='bbox 1234 1977 1412 2046; x_wconf 87' lang='lat' dir='ltr'><strong>atque</strong></span> <span class='ocrx_word' id='word_1_72' title='bbox 1425 1959 1685 2022; x_wconf 79' lang='lat' dir='ltr'><strong>Valcke-</strong></span> 
     </span>
     <span class='ocr_line' id='line_1_18' title="bbox 679 2046 1686 2136; baseline -0.008 -23"><span class='ocrx_word' id='word_1_73' title='bbox 679 2074 860 2130; x_wconf 84' lang='lat' dir='ltr'><strong>naer.‚</strong></span> <span class='ocrx_word' id='word_1_74' title='bbox 935 2072 1188 2136; x_wconf 86' lang='lat' dir='ltr'><strong>quorum</strong></span> <span class='ocrx_word' id='word_1_75' title='bbox 1236 2049 1334 2110; x_wconf 83' lang='lat' dir='ltr'><strong>ille</strong></span> <span class='ocrx_word' id='word_1_76' title='bbox 1375 2046 1686 2130; x_wconf 85' lang='lat' dir='ltr'><strong>particulas</strong></span> 
     </span>
     <span class='ocr_line' id='line_1_19' title="bbox 681 2133 1686 2212; baseline -0.015 -8"><span class='ocrx_word' id='word_1_77' title='bbox 681 2163 744 2206; x_wconf 73' lang='grc' dir='ltr'><strong>τε</strong></span> <span class='ocrx_word' id='word_1_78' title='bbox 775 2139 878 2202; x_wconf 83' lang='grc' dir='ltr'><strong>καὶ</strong></span> <span class='ocrx_word' id='word_1_79' title='bbox 905 2137 1172 2198; x_wconf 84' lang='lat' dir='ltr'><strong>inductas</strong></span> <span class='ocrx_word' id='word_1_80' title='bbox 1198 2137 1342 2212; x_wconf 81' lang='lat' dir='ltr'><strong>vult,</strong></span> <span class='ocrx_word' id='word_1_81' title='bbox 1385 2154 1526 2194; x_wconf 85' lang='lat' dir='ltr'><strong>cum</strong></span> <span class='ocrx_word' id='word_1_82' title='bbox 1550 2133 1686 2190; x_wconf 86' lang='lat' dir='ltr'><strong>Ma-</strong></span> 
     </span>
     <span class='ocr_line' id='line_1_20' title="bbox 681 2217 1684 2306; baseline -0.002 -21"><span class='ocrx_word' id='word_1_83' title='bbox 681 2245 804 2301; x_wconf 81' lang='lat' dir='ltr'><strong>cae,</strong></span> <span class='ocrx_word' id='word_1_84' title='bbox 851 2223 923 2284; x_wconf 90' lang='lat' dir='ltr'><strong>de</strong></span> <span class='ocrx_word' id='word_1_85' title='bbox 954 2227 1161 2306; x_wconf 88' lang='lat' dir='ltr'><strong>quibus</strong></span> <span class='ocrx_word' id='word_1_86' title='bbox 1188 2225 1396 2282; x_wconf 82' lang='lat' dir='ltr'><strong>Noster</strong></span> <span class='ocrx_word' id='word_1_87' title='bbox 1419 2221 1520 2294; x_wconf 86' lang='lat' dir='ltr'><strong>IV,</strong></span> <span class='ocrx_word' id='word_1_88' title='bbox 1541 2217 1684 2292; x_wconf 86' lang='lat'><strong>175,</strong></span> 
     </span>
     <span class='ocr_line' id='line_1_21' title="bbox 687 2305 1685 2391; baseline -0.009 -22"><span class='ocrx_word' id='word_1_89' title='bbox 687 2323 744 2369; x_wconf 88' lang='lat' dir='ltr'><strong>et</strong></span> <span class='ocrx_word' id='word_1_90' title='bbox 772 2312 882 2391; x_wconf 88' lang='lat' dir='ltr'><strong>ipsi</strong></span> <span class='ocrx_word' id='word_1_91' title='bbox 911 2311 1025 2369; x_wconf 86' lang='lat' dir='ltr'><strong>sint</strong></span> <span class='ocrx_word' id='word_1_92' title='bbox 1067 2309 1298 2390; x_wconf 85' lang='lat' dir='ltr'><strong>Libyes,</strong></span> <span class='ocrx_word' id='word_1_93' title='bbox 1339 2326 1452 2364; x_wconf 87' lang='lat' dir='ltr'><strong>nec</strong></span> <span class='ocrx_word' id='word_1_94' title='bbox 1500 2305 1572 2361; x_wconf 90' lang='lat' dir='ltr'><strong>ab</strong></span> <span class='ocrx_word' id='word_1_95' title='bbox 1615 2305 1685 2362; x_wconf 87' lang='lat' dir='ltr'><strong>iis</strong></span> 
     </span>
     <span class='ocr_line' id='line_1_22' title="bbox 681 2388 1685 2471; baseline -0.011 -16"><span class='ocrx_word' id='word_1_96' title='bbox 681 2397 802 2455; x_wconf 90' lang='lat' dir='ltr'><strong>ullo</strong></span> <span class='ocrx_word' id='word_1_97' title='bbox 874 2393 1052 2453; x_wconf 87' lang='lat' dir='ltr'><strong>modo</strong></span> <span class='ocrx_word' id='word_1_98' title='bbox 1119 2391 1393 2471; x_wconf 74' lang='lat' dir='ltr'>distingui</span> <span class='ocrx_word' id='word_1_99' title='bbox 1445 2388 1685 2470; x_wconf 82' lang='lat' dir='ltr'>possint,</span> 
     </span>
     <span class='ocr_line' id='line_1_23' title="bbox 683 2473 1685 2562; baseline -0.011 -22"><span class='ocrx_word' id='word_1_100' title='bbox 683 2480 788 2541; x_wconf 86' lang='lat' dir='ltr'><strong>sed</strong></span> <span class='ocrx_word' id='word_1_101' title='bbox 815 2481 1074 2562; x_wconf 85' lang='lat' dir='ltr'><strong>Libyum</strong></span> <span class='ocrx_word' id='word_1_102' title='bbox 1115 2477 1418 2538; x_wconf 85' lang='lat' dir='ltr'><strong>communi</strong></span> <span class='ocrx_word' id='word_1_103' title='bbox 1444 2473 1685 2546; x_wconf 84' lang='lat' dir='ltr'><strong>nomine</strong></span> 
     </span>
     <span class='ocr_line' id='line_1_24' title="bbox 683 2562 1686 2645; baseline -0.01 -18"><span class='ocrx_word' id='word_1_104' title='bbox 683 2565 761 2627; x_wconf 87' lang='lat' dir='ltr'><strong>ad</strong></span> <span class='ocrx_word' id='word_1_105' title='bbox 815 2565 986 2626; x_wconf 73' lang='lat' dir='ltr'><strong>Afros</strong></span> <span class='ocrx_word' id='word_1_106' title='bbox 1026 2562 1332 2645; x_wconf 85' lang='lat' dir='ltr'><strong>indigenas</strong></span> <span class='ocrx_word' id='word_1_107' title='bbox 1389 2569 1686 2643; x_wconf 78' lang='lat' dir='ltr'><strong>spectante</strong></span> 
     </span>
     <span class='ocr_line' id='line_1_25' title="bbox 687 2644 1687 2735; baseline -0.01 -22"><span class='ocrx_word' id='word_1_108' title='bbox 687 2674 870 2735; x_wconf 86' lang='lat' dir='ltr'><strong>aeque</strong></span> <span class='ocrx_word' id='word_1_109' title='bbox 887 2644 1687 2733; x_wconf 81' lang='lat' dir='ltr'><strong>comprehendantur,diversi</strong></span> 
     </span>
     <span class='ocr_line' id='line_1_26' title="bbox 687 2731 1687 2823; baseline -0.008 -27"><span class='ocrx_word' id='word_1_110' title='bbox 687 2739 929 2823; x_wconf 86' lang='lat' dir='ltr'><strong>quidem</strong></span> <span class='ocrx_word' id='word_1_111' title='bbox 999 2758 1034 2795; x_wconf 83' lang='lat' dir='ltr'><strong>a</strong></span> <span class='ocrx_word' id='word_1_112' title='bbox 1103 2731 1687 2815; x_wconf 64' lang='lat' dir='ltr'><strong>Carthaginiensibus,</strong></span> 
     </span>
     <span class='ocr_line' id='line_1_27' title="bbox 687 2820 1688 2907; baseline -0.008 -25"><span class='ocrx_word' id='word_1_113' title='bbox 687 2826 790 2907; x_wconf 91' lang='lat' dir='ltr'><strong>qui</strong></span> <span class='ocrx_word' id='word_1_114' title='bbox 819 2822 1006 2880; x_wconf 86' lang='lat' dir='ltr'><strong>Poeni</strong></span> <span class='ocrx_word' id='word_1_115' title='bbox 1029 2840 1246 2901; x_wconf 84' lang='lat' dir='ltr'><strong>genere</strong></span> <span class='ocrx_word' id='word_1_116' title='bbox 1263 2864 1280 2896; x_wconf 93' lang='lat'>,</span> <span class='ocrx_word' id='word_1_117' title='bbox 1346 2820 1490 2878; x_wconf 87' lang='lat' dir='ltr'><strong>alius</strong></span> <span class='ocrx_word' id='word_1_118' title='bbox 1516 2836 1688 2899; x_wconf 89' lang='lat' dir='ltr'><strong>pror-</strong></span> 
     </span>
     <span class='ocr_line' id='line_1_28' title="bbox 685 2903 1687 2987; baseline -0.007 -19"><span class='ocrx_word' id='word_1_119' title='bbox 685 2930 780 2969; x_wconf 90' lang='lat' dir='ltr'><strong>sus</strong></span> <span class='ocrx_word' id='word_1_120' title='bbox 809 2918 943 2967; x_wconf 88' lang='lat' dir='ltr'><strong>sunt</strong></span> <span class='ocrx_word' id='word_1_121' title='bbox 972 2908 1208 2985; x_wconf 82' lang='lat' dir='ltr'><strong>originis</strong></span> <span class='ocrx_word' id='word_1_122' title='bbox 1253 2916 1426 2987; x_wconf 84' lang='lat' dir='ltr'><strong>atque</strong></span> <span class='ocrx_word' id='word_1_123' title='bbox 1477 2903 1687 2983; x_wconf 76' lang='lat' dir='ltr'><strong>stirpis.</strong></span> 
     </span>
     <span class='ocr_line' id='line_1_29' title="bbox 689 2989 1690 3068; baseline -0.01 -11"><span class='ocrx_word' id='word_1_124' title='bbox 689 2992 1110 3057; x_wconf 83' lang='lat' dir='ltr'><strong>Valckenaerio</strong></span> <span class='ocrx_word' id='word_1_125' title='bbox 1183 2989 1510 3050; x_wconf 86' lang='lat' dir='ltr'><strong>Herodotus</strong></span> <span class='ocrx_word' id='word_1_126' title='bbox 1582 3006 1690 3068; x_wconf 88' lang='lat' dir='ltr'><strong>pro</strong></span> 
     </span>
     <span class='ocr_line' id='line_1_30' title="bbox 687 3073 1691 3161; baseline -0.009 -18"><span class='ocrx_word' id='word_1_127' title='bbox 687 3075 946 3161; x_wconf 78' lang='grc' dir='ltr'><strong><em>Λιβύων</em></strong></span> <span class='ocrx_word' id='word_1_128' title='bbox 961 3078 1246 3159; x_wconf 79' lang='lat' dir='ltr'><strong>scripsisse</strong></span> <span class='ocrx_word' id='word_1_129' title='bbox 1263 3073 1492 3137; x_wconf 81' lang='lat' dir='ltr'><strong>videtur</strong></span> <span class='ocrx_word' id='word_1_130' title='bbox 1505 3078 1691 3153; x_wconf 78' lang='grc' dir='ltr'><strong><em>Μαχ-</em></strong></span> 
     </span>
     <span class='ocr_line' id='line_1_31' title="bbox 689 3146 1691 3245; baseline -0.011 -16"><span class='ocrx_word' id='word_1_131' title='bbox 689 3162 856 3228; x_wconf 77' lang='grc' dir='ltr'><strong><em>λύων</em></strong></span> <span class='ocrx_word' id='word_1_132' title='bbox 902 3160 1018 3242; x_wconf 82' lang='lat' dir='ltr'><strong>(de</strong></span> <span class='ocrx_word' id='word_1_133' title='bbox 1061 3183 1176 3245; x_wconf 84' lang='lat' dir='ltr'><strong>qua</strong></span> <span class='ocrx_word' id='word_1_134' title='bbox 1204 3172 1379 3243; x_wconf 87' lang='lat' dir='ltr'><strong>gente</strong></span> <span class='ocrx_word' id='word_1_135' title='bbox 1407 3160 1563 3221; x_wconf 81' lang='lat' dir='ltr'><strong>conf.</strong></span> <span class='ocrx_word' id='word_1_136' title='bbox 1590 3146 1691 3237; x_wconf 72' lang='lat' dir='ltr'><strong>1V,</strong></span> 
     </span>
     <span class='ocr_line' id='line_1_32' title="bbox 695 3246 1695 3333; baseline -0.011 -19"><span class='ocrx_word' id='word_1_137' title='bbox 695 3252 866 3329; x_wconf 87' lang='grc'>178),</span> <span class='ocrx_word' id='word_1_138' title='bbox 909 3259 1012 3308; x_wconf 85' lang='lat' dir='ltr'><strong>aut</strong></span> <span class='ocrx_word' id='word_1_139' title='bbox 1055 3248 1214 3307; x_wconf 84' lang='lat' dir='ltr'><strong>aliud</strong></span> <span class='ocrx_word' id='word_1_140' title='bbox 1243 3246 1403 3333; x_wconf 87' lang='lat' dir='ltr'><strong>quod</strong></span> <span class='ocrx_word' id='word_1_141' title='bbox 1431 3246 1695 3305; x_wconf 80' lang='lat' dir='ltr'><strong>Africani</strong></span> 
     </span>
     <span class='ocr_line' id='line_1_33' title="bbox 1302 3332 1695 3411; baseline 0.003 -19"><span class='ocrx_word' id='word_1_142' title='bbox 1302 3332 1695 3411; x_wconf 82' lang='lat' dir='ltr'><strong>Wesselingio</strong></span> 
     </span>
     <span class='ocr_line' id='line_1_34' title="bbox 694 3416 1697 3499; baseline -0.005 -20"><span class='ocrx_word' id='word_1_143' title='bbox 694 3420 1014 3479; x_wconf 77' lang='lat' dir='ltr'><strong>adsentitur</strong></span> <span class='ocrx_word' id='word_1_144' title='bbox 1025 3418 1372 3480; x_wconf 84' lang='lat' dir='ltr'><strong>Larcherus.</strong></span> <span class='ocrx_word' id='word_1_145' title='bbox 1399 3416 1697 3499; x_wconf 84' lang='lat' dir='ltr'><strong>Equidem</strong></span> 
     </span>
     <span class='ocr_line' id='line_1_35' title="bbox 693 3502 1697 3567; baseline -0.005 -2"><span class='ocrx_word' id='word_1_146' title='bbox 693 3506 867 3566; x_wconf 85' lang='lat' dir='ltr'><strong>codd.</strong></span> <span class='ocrx_word' id='word_1_147' title='bbox 923 3508 1120 3567; x_wconf 78' lang='lat' dir='ltr'><strong>invitis</strong></span> <span class='ocrx_word' id='word_1_148' title='bbox 1179 3504 1326 3566; x_wconf 83' lang='lat' dir='ltr'><strong>nihil</strong></span> <span class='ocrx_word' id='word_1_149' title='bbox 1383 3502 1697 3561; x_wconf 79' lang='lat' dir='ltr'><strong>immutare</strong></span> 
     </span>
     <span class='ocr_line' id='line_1_36' title="bbox 695 3576 1693 3666; baseline 0.001 -17"><span class='ocrx_word' id='word_1_150' title='bbox 695 3612 865 3650; x_wconf 82' lang='lat' dir='ltr'><strong>ausus</strong></span> <span class='ocrx_word' id='word_1_151' title='bbox 892 3612 1056 3666; x_wconf 89' lang='lat' dir='ltr'><strong>sum,</strong></span> <span class='ocrx_word' id='word_1_152' title='bbox 1102 3576 1240 3649; x_wconf 72' lang='lat' dir='ltr'><strong>cmi-1</strong></span> <span class='ocrx_word' id='word_1_153' title='bbox 1267 3590 1446 3649; x_wconf 80' lang='lat' dir='ltr'><strong>verba</strong></span> <span class='ocrx_word' id='word_1_154' title='bbox 1488 3611 1549 3650; x_wconf 76' lang='grc' dir='ltr'><strong>τε</strong></span> <span class='ocrx_word' id='word_1_155' title='bbox 1584 3585 1693 3650; x_wconf 73' lang='grc' dir='ltr'><strong>καὶ</strong></span> 
     </span>
     <span class='ocr_line' id='line_1_37' title="bbox 694 3672 1694 3757; baseline -0.007 -19"><span class='ocrx_word' id='word_1_156' title='bbox 694 3672 952 3757; x_wconf 76' lang='grc' dir='ltr'><strong><em>Λιβύων</em></strong></span> <span class='ocrx_word' id='word_1_157' title='bbox 997 3676 1174 3734; x_wconf 86' lang='lat' dir='ltr'><strong>etiam</strong></span> <span class='ocrx_word' id='word_1_158' title='bbox 1213 3678 1294 3735; x_wconf 88' lang='lat' dir='ltr'><strong>ita</strong></span> <span class='ocrx_word' id='word_1_159' title='bbox 1339 3674 1523 3755; x_wconf 78' lang='lat' dir='ltr'><strong>accipi</strong></span> <span class='ocrx_word' id='word_1_160' title='bbox 1562 3693 1694 3753; x_wconf 86' lang='lat' dir='ltr'><strong>pos-</strong></span> 
     </span>
     <span class='ocr_line' id='line_1_38' title="bbox 695 3760 1696 3841; baseline -0.003 -21"><span class='ocrx_word' id='word_1_161' title='bbox 695 3764 810 3821; x_wconf 85' lang='lat' dir='ltr'><strong>siut</strong></span> <span class='ocrx_word' id='word_1_162' title='bbox 829 3807 845 3838; x_wconf 91' lang='lat'>,</span> <span class='ocrx_word' id='word_1_163' title='bbox 893 3772 963 3819; x_wconf 89' lang='lat' dir='ltr'><strong>ut</strong></span> <span class='ocrx_word' id='word_1_164' title='bbox 1017 3760 1178 3819; x_wconf 90' lang='lat' dir='ltr'><strong>idem</strong></span> <span class='ocrx_word' id='word_1_165' title='bbox 1233 3762 1463 3821; x_wconf 77' lang='lat' dir='ltr'><strong>valeant</strong></span> <span class='ocrx_word' id='word_1_166' title='bbox 1519 3770 1696 3841; x_wconf 86' lang='lat' dir='ltr'><strong>atque</strong></span> 
     </span>
     <span class='ocr_line' id='line_1_39' title="bbox 694 3840 1696 3926; baseline -0.002 -17"><span class='ocrx_word' id='word_1_167' title='bbox 694 3844 826 3909; x_wconf 76' lang='grc' dir='ltr'><strong>καὶ</strong></span> <span class='ocrx_word' id='word_1_168' title='bbox 891 3846 1040 3907; x_wconf 71' lang='grc' dir='ltr'><strong>τῶν</strong></span> <span class='ocrx_word' id='word_1_169' title='bbox 1101 3844 1354 3909; x_wconf 69' lang='grc' dir='ltr'><strong><em>ἄλλων</em></strong></span> <span class='ocrx_word' id='word_1_170' title='bbox 1415 3840 1696 3926; x_wconf 82' lang='grc' dir='ltr'><strong><em>Λιβύων,</em></strong></span> 
     </span>
     <span class='ocr_line' id='line_1_40' title="bbox 694 3932 1700 4011; baseline -0.003 -18"><span class='ocrx_word' id='word_1_171' title='bbox 694 3932 790 3993; x_wconf 79' lang='lat' dir='ltr'><strong>vel</strong></span> <span class='ocrx_word' id='word_1_172' title='bbox 833 3932 913 3991; x_wconf 88' lang='lat' dir='ltr'><strong>ita</strong></span> <span class='ocrx_word' id='word_1_173' title='bbox 955 3932 1138 4011; x_wconf 84' lang='lat' dir='ltr'><strong>posita</strong></span> <span class='ocrx_word' id='word_1_174' title='bbox 1169 3933 1603 4005; x_wconf 82' lang='lat' dir='ltr'><strong>existimentur,</strong></span> <span class='ocrx_word' id='word_1_175' title='bbox 1631 3940 1700 3990; x_wconf 88' lang='lat' dir='ltr'><strong>ut</strong></span> 
     </span>
     <span class='ocr_line' id='line_1_41' title="bbox 695 4016 1701 4096; baseline -0.001 -20"><span class='ocrx_word' id='word_1_176' title='bbox 695 4038 819 4076; x_wconf 89' lang='lat' dir='ltr'><strong>non</strong></span> <span class='ocrx_word' id='word_1_177' title='bbox 835 4016 1218 4096; x_wconf 82' lang='lat' dir='ltr'><strong>distinguatur</strong></span> <span class='ocrx_word' id='word_1_178' title='bbox 1243 4016 1491 4075; x_wconf 80' lang='lat' dir='ltr'><strong>alterum</strong></span> <span class='ocrx_word' id='word_1_179' title='bbox 1520 4016 1593 4075; x_wconf 88' lang='lat' dir='ltr'><strong>ab</strong></span> <span class='ocrx_word' id='word_1_180' title='bbox 1609 4016 1701 4075; x_wconf 85' lang='lat' dir='ltr'><strong>al-</strong></span> 
     </span>
     <span class='ocr_line' id='line_1_42' title="bbox 698 4102 1699 4178; baseline -0.003 -15"><span class='ocrx_word' id='word_1_181' title='bbox 698 4114 826 4163; x_wconf 89' lang='lat' dir='ltr'><strong>tero</strong></span> <span class='ocrx_word' id='word_1_182' title='bbox 841 4148 859 4178; x_wconf 89' lang='lat'>,</span> <span class='ocrx_word' id='word_1_183' title='bbox 928 4103 1032 4163; x_wconf 84' lang='lat' dir='ltr'><strong>sed</strong></span> <span class='ocrx_word' id='word_1_184' title='bbox 1087 4115 1155 4163; x_wconf 90' lang='lat' dir='ltr'><strong>ut</strong></span> <span class='ocrx_word' id='word_1_185' title='bbox 1211 4104 1458 4161; x_wconf 88' lang='lat' dir='ltr'><strong>alterum</strong></span> <span class='ocrx_word' id='word_1_186' title='bbox 1518 4102 1699 4161; x_wconf 84' lang='lat' dir='ltr'><strong>altero</strong></span> 
     </span>
     <span class='ocr_line' id='line_1_43' title="bbox 702 4188 1701 4272; baseline -0.005 -21"><span class='ocrx_word' id='word_1_187' title='bbox 702 4188 1053 4251; x_wconf 73' lang='lat' dir='ltr'><strong>declaretur:</strong></span> <span class='ocrx_word' id='word_1_188' title='bbox 1129 4191 1322 4272; x_wconf 71' lang='lat' dir='ltr'><strong>quella</strong></span> <span class='ocrx_word' id='word_1_189' title='bbox 1339 4234 1356 4264; x_wconf 92' lang='lat'>,</span> <span class='ocrx_word' id='word_1_190' title='bbox 1420 4199 1701 4248; x_wconf 84' lang='lat' dir='ltr'><strong>monente</strong></span> 
     </span>
     <span class='ocr_line' id='line_1_44' title="bbox 700 4272 1700 4355; baseline -0.006 -18"><span class='ocrx_word' id='word_1_191' title='bbox 700 4272 1038 4355; x_wconf 75' lang='lat' dir='ltr'><strong>Schweigh.</strong></span> <span class='ocrx_word' id='word_1_192' title='bbox 1053 4318 1074 4350; x_wconf 86' lang='grc'><strong><em>,</em></strong></span> <span class='ocrx_word' id='word_1_193' title='bbox 1133 4276 1509 4337; x_wconf 82' lang='lat' dir='ltr'><strong>inveniuntur</strong></span> <span class='ocrx_word' id='word_1_194' title='bbox 1534 4274 1581 4349; x_wconf 90' lang='lat'><strong>1,</strong></span> <span class='ocrx_word' id='word_1_195' title='bbox 1639 4278 1700 4351; x_wconf 81' lang='lat'><strong>2,</strong></span> 
     </span>
     <span class='ocr_line' id='line_1_45' title="bbox 706 4360 1701 4437; baseline -0.009 -8"><span class='ocrx_word' id='word_1_196' title='bbox 706 4364 807 4429; x_wconf 86' lang='grc'><strong>16.</strong></span> <span class='ocrx_word' id='word_1_197' title='bbox 849 4364 956 4437; x_wconf 80' lang='lat'><strong>27,</strong></span> <span class='ocrx_word' id='word_1_198' title='bbox 1013 4360 1170 4423; x_wconf 75' lang='lat' dir='ltr'><strong>alibi.</strong></span> <span class='ocrx_word' id='word_1_199' title='bbox 1219 4392 1306 4407; x_wconf 90' lang='lat'>-</span> <span class='ocrx_word' id='word_1_200' title='bbox 1390 4360 1511 4419; x_wconf 88' lang='lat' dir='ltr'><strong>Cur</strong></span> <span class='ocrx_word' id='word_1_201' title='bbox 1532 4375 1535 4393; x_wconf 84' lang='lat'><em>¹</em></span> <span class='ocrx_word' id='word_1_202' title='bbox 1559 4378 1701 4423; x_wconf 76' lang='lat' dir='ltr'><strong>vero</strong></span> 
     </span>
    </p>
   </div>
   <div class='ocr_carea' id='block_1_9' title="bbox 260 779 2765 1016">
    <p class='ocr_par' dir='ltr' id='par_1_10' title="bbox 260 779 2765 1016">
     <span class='ocr_line' id='line_1_46' title="bbox 567 779 2765 889; baseline -0.004 -18"><span class='ocrx_word' id='word_1_203' title='bbox 567 819 668 889; x_wconf 79' lang='lat'><strong>43</strong></span> <span class='ocrx_word' id='word_1_204' title='bbox 757 818 900 871; x_wconf 92' lang='grc' dir='ltr'><strong><em>σον.</em></strong></span> <span class='ocrx_word' id='word_1_205' title='bbox 980 795 1318 880; x_wconf 69' lang='grc' dir='ltr'><strong><em>Ἐνθαῦτα</em></strong></span> <span class='ocrx_word' id='word_1_206' title='bbox 1375 794 1450 867; x_wconf 74' lang='grc' dir='ltr'><strong>,δέ</strong></span> <span class='ocrx_word' id='word_1_207' title='bbox 1526 796 1595 864; x_wconf 80' lang='grc' dir='ltr'><strong>οἱ</strong></span> <span class='ocrx_word' id='word_1_208' title='bbox 1641 785 2055 876; x_wconf 72' lang='grc' dir='ltr'><strong><em>Ἀντιχάρης,</em></strong></span> <span class='ocrx_word' id='word_1_209' title='bbox 2122 782 2287 874; x_wconf 72' lang='grc' dir='ltr'><strong><em>ἀνὴρ</em></strong></span> <span class='ocrx_word' id='word_1_210' title='bbox 2337 779 2765 862; x_wconf 68' lang='grc' dir='ltr'><strong>Ἐλεῶνιοεὸθ</strong></span> 
     </span>
     <span class='ocr_line' id='line_1_47' title="bbox 260 883 2681 1016; baseline -0.012 -37"><span class='ocrx_word' id='word_1_211' title='bbox 260 919 382 966; x_wconf 68' lang='lat' dir='ltr'><strong>mne</strong></span> <span class='ocrx_word' id='word_1_212' title='bbox 398 915 675 1016; x_wconf 57' lang='lat' dir='ltr'><strong>sagonae..</strong></span> <span class='ocrx_word' id='word_1_213' title='bbox 765 901 1245 992; x_wconf 71' lang='grc' dir='ltr'><strong><em>συνεβούλευσε</em></strong></span> <span class='ocrx_word' id='word_1_214' title='bbox 1304 899 1378 970; x_wconf 69' lang='grc' dir='ltr'><strong>ἐκ</strong></span> <span class='ocrx_word' id='word_1_215' title='bbox 1431 899 1569 968; x_wconf 72' lang='grc' dir='ltr'><strong>τῶν</strong></span> <span class='ocrx_word' id='word_1_216' title='bbox 1609 895 1843 964; x_wconf 74' lang='grc' dir='ltr'><strong><em>,Λαΐαν</em></strong></span> <span class='ocrx_word' id='word_1_217' title='bbox 1872 892 2187 1000; x_wconf 53' lang='grc' dir='ltr'><strong><em>χρησμῶν</em></strong></span> <span class='ocrx_word' id='word_1_218' title='bbox 2202 933 2225 968; x_wconf 92' lang='grc'><strong><em>,</em></strong></span> <span class='ocrx_word' id='word_1_219' title='bbox 2270 883 2681 974; x_wconf 72' lang='grc' dir='ltr'><strong><em>Ἡρακληΐην</em></strong></span> 
     </span>
    </p>
   </div>
   <div class='ocr_carea' id='block_1_10' title="bbox 1756 1089 2783 4435">
    <p class='ocr_par' dir='ltr' id='par_1_11' title="bbox 1756 1089 2773 1432">
     <span class='ocr_line' id='line_1_48' title="bbox 1758 1089 2773 1180; baseline -0.009 -22"><span class='ocrx_word' id='word_1_220' title='bbox 1758 1098 2075 1180; x_wconf 77' lang='lat' dir='ltr'><strong>Spartanos</strong></span> <span class='ocrx_word' id='word_1_221' title='bbox 2105 1095 2235 1152; x_wconf 86' lang='lat' dir='ltr'><strong>Afri</strong></span> <span class='ocrx_word' id='word_1_222' title='bbox 2262 1093 2604 1174; x_wconf 81' lang='lat' dir='ltr'><strong>expulerint,</strong></span> <span class='ocrx_word' id='word_1_223' title='bbox 2630 1089 2700 1150; x_wconf 86' lang='lat' dir='ltr'><strong>id</strong></span> <span class='ocrx_word' id='word_1_224' title='bbox 2728 1111 2773 1149; x_wconf 73' lang='grc' dir='ltr'><strong>ο</strong></span> 
     </span>
     <span class='ocr_line' id='line_1_49' title="bbox 1760 1175 2770 1266; baseline -0.006 -20"><span class='ocrx_word' id='word_1_225' title='bbox 1760 1186 2008 1266; x_wconf 81' lang='lat' dir='ltr'><strong>Scylace</strong></span> <span class='ocrx_word' id='word_1_226' title='bbox 2034 1203 2095 1262; x_wconf 87' lang='lat' dir='ltr'><strong>p.</strong></span> <span class='ocrx_word' id='word_1_227' title='bbox 2130 1183 2271 1255; x_wconf 81' lang='lat'><strong>112,</strong></span> <span class='ocrx_word' id='word_1_228' title='bbox 2304 1179 2405 1254; x_wconf 69' lang='grc' dir='ltr'><strong>[ξ.</strong></span> <span class='ocrx_word' id='word_1_229' title='bbox 2434 1181 2554 1244; x_wconf 88' lang='grc'><strong>108</strong></span> <span class='ocrx_word' id='word_1_230' title='bbox 2584 1199 2645 1258; x_wconf 88' lang='lat' dir='ltr'><strong>p.</strong></span> <span class='ocrx_word' id='word_1_231' title='bbox 2676 1175 2770 1240; x_wconf 79' lang='lat'><strong>47</strong></span> 
     </span>
     <span class='ocr_line' id='line_1_50' title="bbox 1756 1259 2769 1408; baseline -0.008 -79"><span class='ocrx_word' id='word_1_232' title='bbox 1756 1269 2066 1345; x_wconf 87' lang='lat' dir='ltr'><strong>Hudson.]</strong></span> <span class='ocrx_word' id='word_1_233' title='bbox 2150 1275 2430 1408; x_wconf 43' lang='lat' dir='ltr'><strong>monefie</strong></span> <span class='ocrx_word' id='word_1_234' title='bbox 2504 1259 2769 1341; x_wconf 70' lang='lat' dir='ltr'><strong>Valcke-</strong></span> 
     </span>
     <span class='ocr_line' id='line_1_51' title="bbox 1756 1350 2567 1432; baseline -0.011 -14"><span class='ocrx_word' id='word_1_235' title='bbox 1756 1358 1979 1432; x_wconf 81' lang='lat' dir='ltr'><strong>naerio,</strong></span> <span class='ocrx_word' id='word_1_236' title='bbox 2008 1350 2309 1412; x_wconf 81' lang='lat' dir='ltr'><strong>aestimare</strong></span> <span class='ocrx_word' id='word_1_237' title='bbox 2395 1351 2567 1410; x_wconf 87' lang='lat' dir='ltr'><strong>cebit.</strong></span> 
     </span>
    </p>

    <p class='ocr_par' dir='ltr' id='par_1_12' title="bbox 1761 1485 2773 2281">
     <span class='ocr_line' id='line_1_52' title="bbox 2062 1485 2448 1568; baseline -0.003 -21"><span class='ocrx_word' id='word_1_238' title='bbox 2062 1489 2205 1568; x_wconf 86' lang='lat' dir='ltr'><strong>Cap.</strong></span> <span class='ocrx_word' id='word_1_239' title='bbox 2232 1485 2448 1546; x_wconf 72' lang='lat' dir='ltr'><strong>xnm.</strong></span> 
     </span>
     <span class='ocr_line' id='line_1_53' title="bbox 1761 1595 2770 1754; baseline -0.007 -1"><span class='ocrx_word' id='word_1_240' title='bbox 1761 1597 2397 1754; x_wconf 51' lang='grc' dir='ltr'><strong>Ροέἴαήρωῖἐιῑῗέτωξί]</strong></span> <span class='ocrx_word' id='word_1_241' title='bbox 2430 1595 2770 1754; x_wconf 36' lang='lat' dir='ltr'><strong>[gigig-vet</strong></span> 
     </span>
     <span class='ocr_line' id='line_1_54' title="bbox 1764 1735 2769 1860; baseline -0.011 -18"><span class='ocrx_word' id='word_1_242' title='bbox 1764 1781 1977 1842; x_wconf 87' lang='lat' dir='ltr'><strong>Strabo</strong></span> <span class='ocrx_word' id='word_1_243' title='bbox 2028 1798 2214 1860; x_wconf 88' lang='lat' dir='ltr'><strong>prope</strong></span> <span class='ocrx_word' id='word_1_244' title='bbox 2267 1735 2609 1855; x_wconf 50' lang='lat' dir='ltr'><strong>Tanagiam</strong></span> <span class='ocrx_word' id='word_1_245' title='bbox 2652 1775 2769 1853; x_wconf 75' lang='lat' dir='ltr'><strong>lx,</strong></span> 
     </span>
     <span class='ocr_line' id='line_1_55' title="bbox 1764 1853 2772 1950; baseline -0.004 -24"><span class='ocrx_word' id='word_1_246' title='bbox 1764 1873 1826 1950; x_wconf 84' lang='lat' dir='ltr'><strong>p.</strong></span> <span class='ocrx_word' id='word_1_247' title='bbox 1873 1869 1998 1930; x_wconf 78' lang='lat'><strong>622</strong></span> <span class='ocrx_word' id='word_1_248' title='bbox 2043 1885 2092 1923; x_wconf 86' lang='lat' dir='ltr'><strong>s.</strong></span> <span class='ocrx_word' id='word_1_249' title='bbox 2135 1861 2283 1928; x_wconf 84' lang='lat'><strong>405.</strong></span> <span class='ocrx_word' id='word_1_250' title='bbox 2367 1863 2519 1920; x_wconf 83' lang='lat' dir='ltr'><strong>Hinc</strong></span> <span class='ocrx_word' id='word_1_251' title='bbox 2548 1853 2772 1922; x_wconf 66' lang='grc' dir='ltr'><strong>Ἐλεώ-</strong></span> 
     </span>
     <span class='ocr_line' id='line_1_56' title="bbox 1768 1944 2773 2111; baseline -0.012 -11"><span class='ocrx_word' id='word_1_252' title='bbox 1768 1947 2096 2100; x_wconf 57' lang='lat'><strong>302251221‘1</strong></span> <span class='ocrx_word' id='word_1_253' title='bbox 2133 1944 2773 2111; x_wconf 51' lang='lat' dir='ltr'><strong>stffsffizmssz</strong></span> 
     </span>
     <span class='ocr_line' id='line_1_57' title="bbox 1765 2113 2772 2202; baseline -0.008 -18"><span class='ocrx_word' id='word_1_254' title='bbox 1765 2141 1911 2184; x_wconf 80' lang='lat' dir='ltr'><strong>voce</strong></span> <span class='ocrx_word' id='word_1_255' title='bbox 1940 2113 2101 2202; x_wconf 72' lang='grc' dir='ltr'><strong>ἆνῆρ</strong></span> <span class='ocrx_word' id='word_1_256' title='bbox 2143 2119 2208 2177; x_wconf 83' lang='lat' dir='ltr'><strong>in</strong></span> <span class='ocrx_word' id='word_1_257' title='bbox 2247 2121 2459 2178; x_wconf 85' lang='lat' dir='ltr'><strong>talibus</strong></span> <span class='ocrx_word' id='word_1_258' title='bbox 2504 2115 2641 2179; x_wconf 81' lang='lat' dir='ltr'><strong>addi</strong></span> <span class='ocrx_word' id='word_1_259' title='bbox 2666 2135 2772 2178; x_wconf 78' lang='lat' dir='ltr'><strong>so·-</strong></span> 
     </span>
     <span class='ocr_line' id='line_1_58' title="bbox 1766 2203 2363 2281; baseline -0.007 -12"><span class='ocrx_word' id='word_1_260' title='bbox 1766 2209 1869 2269; x_wconf 82' lang='lat' dir='ltr'><strong>lita</strong></span> <span class='ocrx_word' id='word_1_261' title='bbox 1898 2207 2052 2265; x_wconf 86' lang='lat' dir='ltr'><strong>conf.</strong></span> <span class='ocrx_word' id='word_1_262' title='bbox 2080 2207 2182 2281; x_wconf 88' lang='lat'>111,</span> <span class='ocrx_word' id='word_1_263' title='bbox 2218 2203 2363 2272; x_wconf 80' lang='lat'><strong>125.</strong></span> 
     </span>
    </p>

    <p class='ocr_par' dir='ltr' id='par_1_13' title="bbox 1766 2287 2783 4435">
     <span class='ocr_line' id='line_1_59' title="bbox 1854 2287 2771 2373; baseline -0.008 -17"><span class='ocrx_word' id='word_1_264' title='bbox 1854 2287 2289 2373; x_wconf 76' lang='grc' dir='ltr'><strong><em>συνεβούλευσε</em></strong></span> <span class='ocrx_word' id='word_1_265' title='bbox 2316 2289 2381 2354; x_wconf 76' lang='grc' dir='ltr'><strong>ἐκ</strong></span> <span class='ocrx_word' id='word_1_266' title='bbox 2410 2293 2536 2352; x_wconf 69' lang='grc' dir='ltr'><strong><em>τῶν</em></strong></span> <span class='ocrx_word' id='word_1_267' title='bbox 2561 2287 2771 2352; x_wconf 81' lang='grc' dir='ltr'><strong><em>Λαΐου</em></strong></span> 
     </span>
     <span class='ocr_line' id='line_1_60' title="bbox 1766 2374 2773 2461; baseline -0.01 -19"><span class='ocrx_word' id='word_1_268' title='bbox 1766 2377 2101 2461; x_wconf 72' lang='grc' dir='ltr'><strong><em>χρησμῶν]</em></strong></span> <span class='ocrx_word' id='word_1_269' title='bbox 2166 2377 2318 2434; x_wconf 81' lang='lat' dir='ltr'><strong>Cum</strong></span> <span class='ocrx_word' id='word_1_270' title='bbox 2358 2374 2515 2456; x_wconf 82' lang='lat' dir='ltr'><strong>apud</strong></span> <span class='ocrx_word' id='word_1_271' title='bbox 2542 2385 2773 2436; x_wconf 78' lang='lat' dir='ltr'><strong>veteres</strong></span> 
     </span>
     <span class='ocr_line' id='line_1_61' title="bbox 1766 2459 2771 2545; baseline -0.005 -23"><span class='ocrx_word' id='word_1_272' title='bbox 1766 2465 1981 2540; x_wconf 86' lang='lat' dir='ltr'><strong>nullus,</strong></span> <span class='ocrx_word' id='word_1_273' title='bbox 2015 2472 2297 2545; x_wconf 88' lang='lat' dir='ltr'><strong>quantum</strong></span> <span class='ocrx_word' id='word_1_274' title='bbox 2323 2459 2554 2535; x_wconf 85' lang='lat' dir='ltr'><strong>scimus,</strong></span> <span class='ocrx_word' id='word_1_275' title='bbox 2596 2480 2771 2518; x_wconf 88' lang='lat' dir='ltr'><strong>com-</strong></span> 
     </span>
     <span class='ocr_line' id='line_1_62' title="bbox 1766 2545 2775 2619; baseline -0.005 -9"><span class='ocrx_word' id='word_1_276' title='bbox 1766 2561 2125 2611; x_wconf 87' lang='lat' dir='ltr'><strong>memoretur</strong></span> <span class='ocrx_word' id='word_1_277' title='bbox 2176 2551 2335 2607; x_wconf 75' lang='lat' dir='ltr'><strong>vates</strong></span> <span class='ocrx_word' id='word_1_278' title='bbox 2371 2545 2552 2606; x_wconf 68' lang='lat' dir='ltr'><strong>Laius</strong></span> <span class='ocrx_word' id='word_1_279' title='bbox 2567 2590 2584 2619; x_wconf 89' lang='lat'><strong>,</strong></span> <span class='ocrx_word' id='word_1_280' title='bbox 2627 2547 2775 2605; x_wconf 71' lang='lat' dir='ltr'><strong>Val-</strong></span> 
     </span>
     <span class='ocr_line' id='line_1_63' title="bbox 1769 2628 2773 2713; baseline -0.008 -17"><span class='ocrx_word' id='word_1_281' title='bbox 1769 2635 2081 2697; x_wconf 84' lang='lat' dir='ltr'><strong>ckenaerio</strong></span> <span class='ocrx_word' id='word_1_282' title='bbox 2138 2652 2245 2713; x_wconf 87' lang='lat' dir='ltr'><strong>pro</strong></span> <span class='ocrx_word' id='word_1_283' title='bbox 2302 2634 2503 2695; x_wconf 78' lang='grc' dir='ltr'><strong><em>Λαΐου</em></strong></span> <span class='ocrx_word' id='word_1_284' title='bbox 2560 2628 2656 2689; x_wconf 86' lang='lat' dir='ltr'><strong>hic</strong></span> <span class='ocrx_word' id='word_1_285' title='bbox 2702 2632 2773 2689; x_wconf 84' lang='lat' dir='ltr'><strong>in</strong></span> 
     </span>
     <span class='ocr_line' id='line_1_64' title="bbox 1768 2712 2777 2799; baseline -0.007 -17"><span class='ocrx_word' id='word_1_286' title='bbox 1768 2733 2033 2782; x_wconf 88' lang='lat' dir='ltr'><strong>mentem</strong></span> <span class='ocrx_word' id='word_1_287' title='bbox 2060 2722 2221 2781; x_wconf 81' lang='lat' dir='ltr'><strong>venit</strong></span> <span class='ocrx_word' id='word_1_288' title='bbox 2244 2712 2485 2799; x_wconf 76' lang='grc' dir='ltr'><strong><em>Ἰάμου,</em></strong></span> <span class='ocrx_word' id='word_1_289' title='bbox 2530 2719 2632 2799; x_wconf 87' lang='lat' dir='ltr'><strong>qui</strong></span> <span class='ocrx_word' id='word_1_290' title='bbox 2662 2736 2777 2777; x_wconf 74' lang='lat' dir='ltr'><strong>va-</strong></span> 
     </span>
     <span class='ocr_line' id='line_1_65' title="bbox 1767 2802 2779 2885; baseline -0.007 -18"><span class='ocrx_word' id='word_1_291' title='bbox 1767 2821 1854 2867; x_wconf 85' lang='lat' dir='ltr'><strong>tes</strong></span> <span class='ocrx_word' id='word_1_292' title='bbox 1880 2828 2021 2867; x_wconf 82' lang='lat' dir='ltr'><strong>sane</strong></span> <span class='ocrx_word' id='word_1_293' title='bbox 2062 2804 2466 2865; x_wconf 85' lang='lat' dir='ltr'><strong>celeberrimus</strong></span> <span class='ocrx_word' id='word_1_294' title='bbox 2488 2802 2779 2885; x_wconf 86' lang='lat' dir='ltr'><strong>idemque</strong></span> 
     </span>
     <span class='ocr_line' id='line_1_66' title="bbox 1768 2886 2778 2973; baseline -0.006 -20"><span class='ocrx_word' id='word_1_295' title='bbox 1768 2892 2128 2953; x_wconf 77' lang='lat' dir='ltr'><strong>Iamidarum</strong></span> <span class='ocrx_word' id='word_1_296' title='bbox 2156 2893 2385 2969; x_wconf 87' lang='lat' dir='ltr'><strong>generis</strong></span> <span class='ocrx_word' id='word_1_297' title='bbox 2415 2900 2617 2973; x_wconf 74' lang='lat' dir='ltr'><strong>auctor</strong></span> <span class='ocrx_word' id='word_1_298' title='bbox 2632 2934 2651 2964; x_wconf 93' lang='lat'>‚</span> <span class='ocrx_word' id='word_1_299' title='bbox 2700 2886 2778 2947; x_wconf 87' lang='lat' dir='ltr'><strong>de</strong></span> 
     </span>
     <span class='ocr_line' id='line_1_67' title="bbox 1772 2974 2781 3063; baseline -0.006 -25"><span class='ocrx_word' id='word_1_300' title='bbox 1772 3000 1889 3063; x_wconf 89' lang='lat' dir='ltr'><strong>quo</strong></span> <span class='ocrx_word' id='word_1_301' title='bbox 1919 2978 2206 3037; x_wconf 83' lang='lat' dir='ltr'><strong>Pindarus</strong></span> <span class='ocrx_word' id='word_1_302' title='bbox 2234 2976 2601 3059; x_wconf 77' lang='lat' dir='ltr'><strong>Olymp.vl.·</strong></span> <span class='ocrx_word' id='word_1_303' title='bbox 2623 2974 2781 3033; x_wconf 84' lang='lat' dir='ltr'><strong>Cum</strong></span> 
     </span>
     <span class='ocr_line' id='line_1_68' title="bbox 1771 3060 2781 3128; baseline -0.006 -1"><span class='ocrx_word' id='word_1_304' title='bbox 1771 3084 1911 3128; x_wconf 81' lang='lat' dir='ltr'><strong>vero</strong></span> <span class='ocrx_word' id='word_1_305' title='bbox 1969 3084 2079 3123; x_wconf 87' lang='lat' dir='ltr'><strong>nec</strong></span> <span class='ocrx_word' id='word_1_306' title='bbox 2134 3060 2310 3123; x_wconf 87' lang='lat' dir='ltr'><strong>huius</strong></span> <span class='ocrx_word' id='word_1_307' title='bbox 2376 3072 2781 3121; x_wconf 87' lang='lat' dir='ltr'><strong>memorentur</strong></span> 
     </span>
     <span class='ocr_line' id='line_1_69' title="bbox 1776 3144 2779 3227; baseline -0.006 -16"><span class='ocrx_word' id='word_1_308' title='bbox 1776 3150 2009 3211; x_wconf 85' lang='lat' dir='ltr'><strong>oracula</strong></span> <span class='ocrx_word' id='word_1_309' title='bbox 2022 3195 2040 3227; x_wconf 88' lang='lat'>‚</span> <span class='ocrx_word' id='word_1_310' title='bbox 2096 3148 2337 3208; x_wconf 82' lang='lat' dir='ltr'><strong>forsitan</strong></span> <span class='ocrx_word' id='word_1_311' title='bbox 2376 3150 2639 3207; x_wconf 81' lang='lat' dir='ltr'><strong>usitatius</strong></span> <span class='ocrx_word' id='word_1_312' title='bbox 2678 3144 2779 3206; x_wconf 86' lang='lat' dir='ltr'><strong>hic</strong></span> 
     </span>
     <span class='ocr_line' id='line_1_70' title="bbox 1775 3227 2783 3307; baseline -0.004 -11"><span class='ocrx_word' id='word_1_313' title='bbox 1775 3237 1956 3297; x_wconf 84' lang='lat' dir='ltr'><strong>latere</strong></span> <span class='ocrx_word' id='word_1_314' title='bbox 2016 3254 2237 3295; x_wconf 90' lang='lat' dir='ltr'><strong>nomen</strong></span> <span class='ocrx_word' id='word_1_315' title='bbox 2298 3227 2563 3307; x_wconf 78' lang='grc' dir='ltr'><strong><em>Βάκιδος</em></strong></span> <span class='ocrx_word' id='word_1_316' title='bbox 2615 3231 2783 3292; x_wconf 87' lang='lat' dir='ltr'><strong>idem</strong></span> 
     </span>
     <span class='ocr_line' id='line_1_71' title="bbox 1778 3318 2781 3404; baseline -0.003 -22"><span class='ocrx_word' id='word_1_317' title='bbox 1778 3326 2068 3382; x_wconf 80' lang='lat' dir='ltr'><strong>existimat</strong></span> <span class='ocrx_word' id='word_1_318' title='bbox 2084 3365 2101 3397; x_wconf 92' lang='lat'>,</span> <span class='ocrx_word' id='word_1_319' title='bbox 2146 3322 2249 3404; x_wconf 90' lang='lat' dir='ltr'><strong>qui</strong></span> <span class='ocrx_word' id='word_1_320' title='bbox 2273 3330 2433 3381; x_wconf 80' lang='lat' dir='ltr'><strong>vates</strong></span> <span class='ocrx_word' id='word_1_321' title='bbox 2464 3338 2541 3379; x_wconf 85' lang='lat' dir='ltr'><strong>ex</strong></span> <span class='ocrx_word' id='word_1_322' title='bbox 2564 3318 2781 3379; x_wconf 86' lang='lat' dir='ltr'><strong>eodem</strong></span> 
     </span>
     <span class='ocr_line' id='line_1_72' title="bbox 1774 3406 2782 3487; baseline -0.004 -20"><span class='ocrx_word' id='word_1_323' title='bbox 1774 3410 2011 3467; x_wconf 85' lang='lat' dir='ltr'><strong>Eleonis</strong></span> <span class='ocrx_word' id='word_1_324' title='bbox 2064 3426 2218 3487; x_wconf 85' lang='lat' dir='ltr'><strong>pago</strong></span> <span class='ocrx_word' id='word_1_325' title='bbox 2264 3408 2390 3485; x_wconf 86' lang='lat' dir='ltr'><strong>agri</strong></span> <span class='ocrx_word' id='word_1_326' title='bbox 2444 3406 2782 3485; x_wconf 84' lang='lat' dir='ltr'><strong>Tanagraei</strong></span> 
     </span>
     <span class='ocr_line' id='line_1_73' title="bbox 1774 3489 2781 3571; baseline -0.004 -18"><span class='ocrx_word' id='word_1_327' title='bbox 1774 3504 1947 3555; x_wconf 84' lang='lat' dir='ltr'><strong>natus</strong></span> <span class='ocrx_word' id='word_1_328' title='bbox 1988 3495 2170 3553; x_wconf 83' lang='lat' dir='ltr'><strong>fertur</strong></span> <span class='ocrx_word' id='word_1_329' title='bbox 2214 3489 2370 3571; x_wconf 86' lang='lat' dir='ltr'><strong>apud</strong></span> <span class='ocrx_word' id='word_1_330' title='bbox 2400 3490 2603 3553; x_wconf 83' lang='lat' dir='ltr'><strong>Schol.</strong></span> <span class='ocrx_word' id='word_1_331' title='bbox 2637 3492 2781 3549; x_wconf 81' lang='lat' dir='ltr'><strong>Ari-</strong></span> 
     </span>
     <span class='ocr_line' id='line_1_74' title="bbox 1773 3576 2783 3661; baseline -0.006 -21"><span class='ocrx_word' id='word_1_332' title='bbox 1773 3578 1972 3661; x_wconf 78' lang='lat' dir='ltr'><strong>stoph.</strong></span> <span class='ocrx_word' id='word_1_333' title='bbox 2002 3580 2143 3637; x_wconf 80' lang='lat' dir='ltr'><strong>Pac.</strong></span> <span class='ocrx_word' id='word_1_334' title='bbox 2188 3581 2347 3643; x_wconf 84' lang='lat'>1071</span> <span class='ocrx_word' id='word_1_335' title='bbox 2404 3578 2537 3639; x_wconf 85' lang='lat' dir='ltr'><strong>coll.</strong></span> <span class='ocrx_word' id='word_1_336' title='bbox 2584 3576 2783 3636; x_wconf 85' lang='lat' dir='ltr'><strong>Inter-</strong></span> 
     </span>
     <span class='ocr_line' id='line_1_75' title="bbox 1778 3662 2780 3747; baseline -0.002 -23"><span class='ocrx_word' id='word_1_337' title='bbox 1778 3676 1950 3747; x_wconf 85' lang='lat' dir='ltr'><strong>prett.</strong></span> <span class='ocrx_word' id='word_1_338' title='bbox 1978 3663 2282 3722; x_wconf 87' lang='lat' dir='ltr'><strong>inAelian.</strong></span> <span class='ocrx_word' id='word_1_339' title='bbox 2311 3662 2384 3722; x_wconf 86' lang='lat' dir='ltr'><strong>V.</strong></span> <span class='ocrx_word' id='word_1_340' title='bbox 2398 3664 2475 3722; x_wconf 85' lang='lat' dir='ltr'><strong>H.</strong></span> <span class='ocrx_word' id='word_1_341' title='bbox 2504 3662 2641 3737; x_wconf 78' lang='grc' dir='ltr'><strong>ΧΠ,</strong></span> <span class='ocrx_word' id='word_1_342' title='bbox 2672 3662 2780 3729; x_wconf 79' lang='grc'><strong>35.-</strong></span> 
     </span>
     <span class='ocr_line' id='line_1_76' title="bbox 1778 3745 2781 3829; baseline -0.005 -18"><span class='ocrx_word' id='word_1_343' title='bbox 1778 3754 1849 3813; x_wconf 82' lang='lat' dir='ltr'><strong>C.</strong></span> <span class='ocrx_word' id='word_1_344' title='bbox 1878 3752 1948 3811; x_wconf 89' lang='lat'><strong>0.</strong></span> <span class='ocrx_word' id='word_1_345' title='bbox 1974 3750 2203 3809; x_wconf 70' lang='lat' dir='ltr'><strong>Mulier.</strong></span> <span class='ocrx_word' id='word_1_346' title='bbox 2232 3750 2375 3809; x_wconf 88' lang='lat' dir='ltr'><strong>Dor.</strong></span> <span class='ocrx_word' id='word_1_347' title='bbox 2405 3745 2683 3809; x_wconf 88' lang='lat' dir='ltr'><strong>Orchom.</strong></span> <span class='ocrx_word' id='word_1_348' title='bbox 2717 3770 2781 3829; x_wconf 90' lang='lat' dir='ltr'><strong>p.</strong></span> 
     </span>
     <span class='ocr_line' id='line_1_77' title="bbox 1785 3832 2780 3919; baseline -0.008 -16"><span class='ocrx_word' id='word_1_349' title='bbox 1785 3836 1905 3903; x_wconf 84' lang='lat'><strong>145</strong></span> <span class='ocrx_word' id='word_1_350' title='bbox 1933 3857 2052 3919; x_wconf 79' lang='lat' dir='ltr'><strong>seq.</strong></span> <span class='ocrx_word' id='word_1_351' title='bbox 2094 3832 2512 3895; x_wconf 80' lang='lat' dir='ltr'><strong>Wachsmuth.</strong></span> <span class='ocrx_word' id='word_1_352' title='bbox 2542 3834 2780 3895; x_wconf 86' lang='lat' dir='ltr'><strong>Hellen.</strong></span> 
     </span>
     <span class='ocr_line' id='line_1_78' title="bbox 1778 3917 2781 4000; baseline -0.004 -17"><span class='ocrx_word' id='word_1_353' title='bbox 1778 3918 2202 3983; x_wconf 82' lang='lat' dir='ltr'><strong>Alterthumsk.</strong></span> <span class='ocrx_word' id='word_1_354' title='bbox 2240 3922 2315 3997; x_wconf 89' lang='lat'><strong>11,</strong></span> <span class='ocrx_word' id='word_1_355' title='bbox 2359 3925 2402 3987; x_wconf 82' lang='lat'><em>2</em></span> <span class='ocrx_word' id='word_1_356' title='bbox 2451 3938 2585 4000; x_wconf 86' lang='lat' dir='ltr'><strong>pag.</strong></span> <span class='ocrx_word' id='word_1_357' title='bbox 2628 3917 2781 3984; x_wconf 82' lang='lat'><strong>274.</strong></span> 
     </span>
     <span class='ocr_line' id='line_1_79' title="bbox 1779 4006 2781 4069; baseline -0.003 -1"><span class='ocrx_word' id='word_1_358' title='bbox 1779 4008 1952 4069; x_wconf 85' lang='lat' dir='ltr'><strong>Unde</strong></span> <span class='ocrx_word' id='word_1_359' title='bbox 1978 4010 2152 4069; x_wconf 85' lang='lat' dir='ltr'><strong>simul</strong></span> <span class='ocrx_word' id='word_1_360' title='bbox 2165 4006 2437 4067; x_wconf 77' lang='lat' dir='ltr'><strong>discimus</strong></span> <span class='ocrx_word' id='word_1_361' title='bbox 2460 4008 2523 4063; x_wconf 88' lang='lat' dir='ltr'><strong>in</strong></span> <span class='ocrx_word' id='word_1_362' title='bbox 2537 4006 2781 4065; x_wconf 84' lang='lat' dir='ltr'><strong>Eleonis</strong></span> 
     </span>
     <span class='ocr_line' id='line_1_80' title="bbox 1779 4092 2780 4175; baseline -0.007 -19"><span class='ocrx_word' id='word_1_363' title='bbox 1779 4098 1911 4156; x_wconf 81' lang='lat' dir='ltr'><strong>vico</strong></span> <span class='ocrx_word' id='word_1_364' title='bbox 1964 4092 2103 4153; x_wconf 87' lang='lat' dir='ltr'><strong>inde</strong></span> <span class='ocrx_word' id='word_1_365' title='bbox 2158 4114 2235 4153; x_wconf 78' lang='lat' dir='ltr'><strong>ex</strong></span> <span class='ocrx_word' id='word_1_366' title='bbox 2276 4092 2588 4175; x_wconf 83' lang='lat' dir='ltr'><strong>antiquiori</strong></span> <span class='ocrx_word' id='word_1_367' title='bbox 2630 4110 2780 4150; x_wconf 80' lang='lat' dir='ltr'><strong>aevo</strong></span> 
     </span>
     <span class='ocr_line' id='line_1_81' title="bbox 1778 4178 2783 4263; baseline -0.003 -23"><span class='ocrx_word' id='word_1_368' title='bbox 1778 4179 2197 4263; x_wconf 84' lang='lat' dir='ltr'><strong>prophetarum</strong></span> <span class='ocrx_word' id='word_1_369' title='bbox 2222 4179 2505 4237; x_wconf 86' lang='lat' dir='ltr'><strong>familiam</strong></span> <span class='ocrx_word' id='word_1_370' title='bbox 2524 4178 2617 4237; x_wconf 80' lang='lat' dir='ltr'><strong>vel</strong></span> <span class='ocrx_word' id='word_1_371' title='bbox 2630 4178 2783 4237; x_wconf 83' lang='lat' dir='ltr'><strong>Per·-</strong></span> 
     </span>
     <span class='ocr_line' id='line_1_82' title="bbox 1784 4264 2779 4347; baseline -0.007 -20"><span class='ocrx_word' id='word_1_372' title='bbox 1784 4270 1887 4327; x_wconf 84' lang='lat' dir='ltr'><strong>sici</strong></span> <span class='ocrx_word' id='word_1_373' title='bbox 1906 4267 2043 4327; x_wconf 86' lang='lat' dir='ltr'><strong>belii</strong></span> <span class='ocrx_word' id='word_1_374' title='bbox 2068 4277 2331 4347; x_wconf 85' lang='lat' dir='ltr'><strong>tempore</strong></span> <span class='ocrx_word' id='word_1_375' title='bbox 2359 4265 2637 4339; x_wconf 85' lang='lat' dir='ltr'><strong>floruisse,</strong></span> <span class='ocrx_word' id='word_1_376' title='bbox 2656 4264 2779 4347; x_wconf 82' lang='lat' dir='ltr'><strong>qui,</strong></span> 
     </span>
     <span class='ocr_line' id='line_1_83' title="bbox 1781 4350 2783 4435; baseline -0.006 -22"><span class='ocrx_word' id='word_1_377' title='bbox 1781 4364 1850 4417; x_wconf 88' lang='lat' dir='ltr'><strong>ut</strong></span> <span class='ocrx_word' id='word_1_378' title='bbox 1876 4373 2010 4413; x_wconf 84' lang='lat' dir='ltr'><strong>mea</strong></span> <span class='ocrx_word' id='word_1_379' title='bbox 2038 4352 2151 4413; x_wconf 83' lang='lat' dir='ltr'><strong>fert</strong></span> <span class='ocrx_word' id='word_1_380' title='bbox 2176 4352 2395 4433; x_wconf 82' lang='lat' dir='ltr'><strong>opinio,</strong></span> <span class='ocrx_word' id='word_1_381' title='bbox 2422 4352 2665 4435; x_wconf 84' lang='lat' dir='ltr'><strong>antiqua</strong></span> <span class='ocrx_word' id='word_1_382' title='bbox 2680 4350 2783 4409; x_wconf 84' lang='lat' dir='ltr'><strong>iila</strong></span> 
     </span>
    </p>
   </div>
  </div>
 </body>
</html>
