2967 5150
275 608 452 669 teman·
477 586 508 649 ἶ
531 604 643 649 Oar-

275 656 648 751 ffifflfflffi

277 756 469 803 Siciliae
490 758 688 803 illatum.

767 382 910 507 11114Ι

1365 435 2067 517 nnnonorl

774 602 910 674 25ae6
941 601 1260 690 Θήρωνος
1281 605 1406 671 τοῦ
1449 602 1909 691 Αἰνησιδήμου
1946 596 2485 683 Ἀκραγαντίνων
2516 608 2800 705 μου-89.

773 704 1027 797 νάρχον
1081 702 1444 787 ἆξελασθεὶς
1500 704 1567 789 ἐξ
1616 698 1889 793 ‘Infimis'
1931 702 2249 789 Τήριλλος
2308 700 2349 771 ὁ
2398 704 2693 788 ,Κρινίπ-

775 834 948 889 πον,
1003 806 1340 895 τύραννος
1387 806 1519 877 ἐπὶν
1568 802 1837 895 Ἱμέρης,
1898 805 2095 895 ἐπῆγε
2134 802 2245 873 ὑπ’
2310 802 2531 874 αὐτὸν
2570 804 2691 873 τόν

693 1144 778 1207 20
805 1158 970 1221 seqq.
997 1138 1130 1197 coll.
1157 1135 1265 1212 xl,
1301 1140 1358 1203 1.
1411 1138 1543 1211 Quo
1577 1156 1689 1197 au·

695 1237 853 1286 ctore
896 1223 1396 1302 Carthaginienses
1441 1245 1521 1286 ex
1555 1222 1689 1283 foe-

694 1310 833 1371 dere
855 1329 996 1369 cum
1021 1310 1208 1369 Persis
1221 1308 1364 1367 inito
1389 1306 1566 1371 hosce
1588 1310 1689 1369 Si·-

697 1398 860 1455 culos
903 1398 1155 1455 Graecos
1209 1398 1460 1473 aggressi
1518 1406 1686 1455 sunt:

697 1481 857 1565 quod
883 1491 1082 1539 tamen
1107 1472 1312 1539 'foedus
1334 1480 1503 1541 valde
1520 1482 1692 1563 equi-

695 1566 836 1627 dem
862 1586 1068 1626 vereor
1095 1575 1161 1623 ut
1205 1584 1468 1649 unquam
1512 1568 1693 1625 exsti-

694 1654 850 1727 terit,
879 1662 1152 1734 recteque
1169 1652 1424 1731 posuisse
1461 1651 1695 1713 videtur

557 1772 569 1777 -
693 1736 1050 1799 Dahlmann.
1111 1734 1327 1797 Herod.
1377 1757 1511 1818 pag.
1571 1740 1695 1803 186

694 1844 819 1906 seq.
863 1822 1097 1882 Gelonis
1124 1823 1342 1880 bellum
1385 1842 1525 1885 cum
1552 1822 1700 1881 Car-

694 1906 1150 1987 thaginiensibus
1257 1906 1408 1967 nihil
1524 1906 1699 1991 quid-

695 2012 877 2077 quam
898 1990 972 2051 ad
991 1995 1241 2051 Graecos
1261 1994 1538 2053 Persasve
1566 2014 1695 2073 spe-

699 2089 876 2154 ctare,
909 2096 1094 2161 quum
1111 2088 1276 2135 antea
1301 2098 1537 2161 quoque
1551 2090 1695 2137 teste

699 2166 827 2245 ipso
887 2162 1186 2223 Herodoto
1227 2164 1368 2239 vn,
1403 2164 1526 2231 158
1576 2167 1695 2222 iem

699 2251 924 2310 bellum
953 2250 1052 2307 ille
1080 2266 1216 2307 cum
1245 2250 1458 2308 Poenis
1498 2269 1696 2328 gesse-

698 2337 814 2410 rit,
875 2336 978 2417 qui
1017 2332 1211 2391 denuo
1263 2345 1438 2416 atque
1488 2337 1697 2393 maiori

699 2439 839 2480 cum
867 2419 1146 2493 exercitu,
1177 2437 1295 2499 quo
1335 2422 1545 2479 certius
1574 2423 1697 2479 Ge-

698 2504 902 2566 lonem
983 2504 1375 2585 opprimerent
1439 2507 1697 2565 Graeco-

701 2611 955 2674 rumque
1011 2611 1104 2650 res
1146 2593 1211 2648 in
1243 2593 1442 2652 Sicilia
1470 2604 1695 2652 everte-

702 2689 834 2737 rent
853 2725 871 2750 ,
929 2678 1289 2737 accesserint.
1371 2681 1577 2761 Neque
1622 2698 1697 2738 ex

699 2759 940 2822 foedere
966 2763 1302 2821 Poenorum
1343 2784 1480 2822 cum
1507 2765 1695 2824 PersIs

699 2845 848 2904 inito
883 2843 1056 2903 huius
1098 2847 1239 2906 belli
1288 2867 1494 2907 causae
1536 2869 1703 2929 repe·

701 2927 931 3004 tendae,
946 2928 1049 2992 sed
1071 2949 1146 2988 ex
1165 2949 1256 3004 eo,
1274 2935 1497 3011 opinor,
1519 2933 1699 3016 quod,

705 3031 846 3074 cum
873 3016 1106 3096 utrique
1137 3027 1195 3088 et
1222 3017 1410 3076 Poeni
1427 3029 1483 3077 et
1496 3021 1703 3080 Graeci

703 3100 880 3158 totius
935 3100 1158 3159 insulae
1200 3102 1511 3182 imperium
1554 3105 1704 3166 affe-

707 3195 955 3262 ctat-ent,
986 3186 1115 3244 illos
1143 3187 1336 3247 collidi
1367 3191 1701 3272 bellumque

707 3272 854 3330 oriri·
887 3289 1122 3330 necesse
1165 3284 1304 3332 erat.
1396 3277 1486 3336 Cf.
1517 3277 1705 3336 Botti-

709 3353 886 3420 cher„
913 3358 1125 3416 Hister.
1176 3357 1483 3439 Carthagg.
1511 3383 1572 3440 p.
1604 3367 1704 3426 37.

707 3443 815 3506 97.
897 3442 1102 3521 Itaque
1131 3454 1288 3502 recte
1314 3447 1406 3506 Fr.
1433 3449 1705 3506 Lorentz.

709 3523 866 3584 hanc
893 3523 1040 3584 mihi
1055 3531 1307 3606 posuisse
1329 3529 1557 3590 videtur
1570 3529 1704 3590 the-

707 3612 1009 3682 sinfflalae
1030 3615 1238 3694 1828):
1270 3616 1527 3695 „foedus,
1546 3617 1702 3698 quod

709 3697 938 3755 Xerxes
968 3717 1106 3754 cum
1137 3699 1703 3780 Carthaginiensibus

711 3791 916 3840 contra
959 3783 1208 3843 Graecos
1243 3789 1433 3848 iniisse
1477 3785 1702 3864 dicitur,

711 3865 1047 3927 Simlorum
1073 3872 1294 3931 vanitas
1321 3873 1553 3936 finxit.“

799 4036 854 4098 εἰ
883 4030 968 4114 μή
997 4031 1122 4098 v‘wc'
1147 4035 1438 4116 Θήρωνος
1469 4067 1527 4103 κ.
1552 4067 1599 4103 τ.
1618 4045 1701 4120 2..]

710 4121 1036 4181 Diodorum
1064 4123 1110 4178 si
1127 4123 1446 4202 audiamus,
1477 4131 1705 4188 Hamil·

713 4225 812 4264 car
840 4227 974 4266 cum
993 4206 1557 4290 Carthaginiensium
1573 4235 1706 4274 ma-

711 4309 796 4350 nu
872 4290 1094 4351 delecta
1163 4299 1464 4358 Himeram
1520 4299 1707 4362 tendit

715 4375 956 4460 eiusque
1011 4377 1218 4441 incolis
1239 4429 1258 4461 ,
1317 4387 1422 4468 qui
1471 4386 1705 4447 obviam

1772 1139 1977 1215 ierant,
2006 1137 2284 1217 in'pugna
2304 1137 2455 1213 fissis,
2488 1146 2771 1197 tar-orem

1771 1225 2025 1283 multum
2052 1224 2271 1287 iniecit.
2325 1226 2530 1305 ltaque
2564 1220 2769 1283 Thero

1772 1310 2079 1389 Agrigenti
2126 1330 2266 1385 rex,
2306 1306 2373 1366 de
2402 1308 2647 1367 Himera
2676 1320 2775 1367 tu·

1772 1393 1950 1454 tanda
1994 1396 2271 1455 sollicitus
2306 1414 2543 1481 propere
2574 1396 2771 1474 Syra-

1773 1502 1937 1541 cusas
1971 1483 2127 1539 misit
2158 1500 2333 1559 opem
2371 1482 2647 1561 petituros
2693 1478 2773 1538 ad

1775 1568 2057 1625 Gelonem
2076 1612 2093 1642 ,
2145 1567 2249 1645 qui
2310 1585 2456 1624 mox
2511 1586 2776 1645 egressus

1776 1655 2236 1731 coniunctusque
2292 1671 2436 1710 cum
2496 1651 2775 1710 Therone

1780 1736 1855 1797 ad
1898 1740 2197 1796 Himeram
2236 1739 2471 1795 Poenos
2500 1737 2675 1809 fudit,
2714 1748 2777 1795 nt

1779 1824 2037 1903 pluribus
2069 1832 2298 1883 enarrat
2328 1822 2631 1883 Diodorus
2674 1824 2774 1895 xl,

1779 1913 1858 1973 21
1892 1928 2054 1991 seqq.
2138 1910 2227 1967 Ac
2252 1906 2479 1967 videtur
2504 1928 2655 1967 sane
2682 1910 2777 1967 ille

1778 1994 2049 2071 Terillus,
2082 1996 2181 2076 qni
2194 1996 2424 2053 Himera
2447 1995 2673 2051 eiectus
2705 1993 2781 2052 ad

1776 2081 2008 2139 Poenos
2042 2080 2377 2160 confugerat
2398 2122 2419 2152 ‚
2444 2077 2607 2138 hisce
2636 2080 2777 2158 ipsis

1777 2178 1979 2225 auctor
2022 2166 2199 2225 fuisse
2258 2166 2481 2225 bellum
2540 2166 2779 2224 Graecis

1776 2248 2082 2326 inferendi,
2114 2252 2321 2333 quibus
2350 2250 2585 2311 dudum
2613 2262 2776 2311 erant

1776 2336 1961 2395 invidi
2002 2347 2176 2419 atque
2220 2338 2417 2395 infesti
2462 2338 2543 2395 ob
2584 2338 2777 2417 impe-

1778 2424 1931 2481 rium
1956 2424 2141 2499 magis
2170 2424 2479 2504 magisque
2494 2442 2773 2481 crescens.

1742 2502 1749 2509 ’
1784 2508 1976 2584 Thero,
1994 2511 2156 2568 cuius
2172 2506 2375 2574 laudo
2390 2506 2773 2567 canit‘Pinda-

1776 2615 1875 2653 rus
1904 2595 2203 2674 Olymle
2232 2593 2529 2678 (ubisvid.
2552 2597 2775 2676 potissi-

1777 2700 1945 2738 mum
1966 2699 2111 2739 vers.
2138 2683 2179 2744 6
2194 2701 2359 2762 seqq.
2374 2701 2419 2739 s.
2436 2685 2521 2746 10
2542 2699 2682 2740 vers.
2696 2683 2773 2742 93

1782 2786 1939 2848 seqq.
1954 2785 2000 2824 s.
2024 2763 2172 2846 170)
2204 2777 2263 2824 et
2292 2767 2533 2846 olymp.
2562 2763 2772 2840 m,h.1.

1782 2863 2021 2911 vocatur
2074 2844 2425 2932 μούναρχος
2481 2850 2603 2928 (de
2652 2871 2774 2930 qno

1783 2935 1903 2998 vid.
1942 2934 2017 2995 ad
2044 2937 2115 3009 V,
2134 2940 2217 3000 92
2248 2939 2307 3008 §.
2322 2939 2416 3013 6),
2460 2936 2609 3016 apud
2624 2939 2771 2993 Dio-

1784 3021 1997 3081 dorum
2040 3023 2144 3096 XI,
2178 3027 2263 3086 20
2306 3033 2544 3081 vocatur
2582 3018 2777 3083 δυνά-

1786 3126 1944 3184 στης.
2026 3109 2116 3165 De
2142 3107 2482 3166 Aasesideaw
2514 3109 2591 3167 cf.
2628 3127 2775 3190 quae

1788 3193 1910 3251 dixi
1938 3190 2011 3251 ad
2052 3193 2179 3266 vll,
2230 3193 2374 3257 154.
2418 3195 2537 3252 Pro
2584 3192 2773 3266 ἐξελα-

1786 3277 1943 3358 θεὶς,
1972 3277 2127 3360 quod
2159 3280 2315 3334 male
2362 3281 2595 3337 retinuit
2618 3277 2771 3336 Bek-

1784 3361 1978 3438 kerns‚
2004 3365 2232 3443 reposui
2262 3361 2620 3440 ἐξελασθεὶς,
2640 3375 2701 3421 ut
2722 3365 2767 3436 1,

1790 3452 1931 3514 168.
1962 3455 2079 3514 173
2124 3449 2283 3508 alibi.

1870 3611 1977 3680 ὑπ’
2016 3612 2203 3680 etit-dv
2238 3615 2341 3682 τὸν
2384 3617 2609 3698 χρόνον
2638 3623 2771 3680 roti-

1787 3705 1921 3780 τον]
1954 3705 1993 3763 ἰ.
2022 3726 2075 3762 e.
2104 3705 2201 3762 sub
2228 3707 2405 3784 2⁶me
2434 3705 2533 3763 hoc
2564 3711 2769 3784 tenpus,

1788 3800 1853 3847 ut
1882 3789 2037 3869 apud
2068 3789 2409 3871 Thucydid.
2439 3795 2515 3865 Π,
2536 3797 2621 3856 27
2650 3793 2767 3848 coll.

1786 3873 1995 3932 Matth.
2036 3879 2135 3934 Gr.
2168 3877 2271 3934 Gr.
2298 3897 2361 3955 p.
2396 3881 2587 3940 1187.
2650 3875 2771 3933 vid.

1787 3959 2041 4019 Fischer.
2106 3959 2183 4020 ad
2256 3961 2515 4020 VVeller.
2556 3965 2659 4020 Gr.
2698 3961 2767 4018 111

1787 4067 1847 4126 p.
1872 4049 2021 4110 278.
2046 4045 2193 4104 Inde
2222 4049 2383 4104 male
2408 4046 2475 4105 h.
2504 4049 2546 4107 1.
2568 4045 2771 4104 inflo-

1786 4133 2013 4189 rentiuo
2057 4133 2294 4212 aliisque
2338 4126 2450 4194 ἐπ’
2483 4127 2665 4195 αὐτὸν
2680 4127 2769 4192 τὸν

1787 4209 2031 4298 χρόνον.
2114 4219 2307 4276 Minus
2337 4229 2611 4277 accurate
2634 4219 2767 4276 Dio-

1788 4300 1961 4365 dorus
2000 4303 2108 4380 XI,
2156 4308 2186 4367 1
2235 4298 2615 4380 volem-itote
2640 4295 2765 4386 225-

1786 4409 1933 4462 vote-
