2967 5150
831 454 1556 514 POLYMNIA.
1642 454 1800 513 vn.

2137 454 2268 521 wa

315 626 352 681 8
366 620 675 705 μονίοισι.
760 618 1034 705 πάρεστι
1090 618 1165 687 δὲ
1212 616 1522 701 εἰκάζειν,
1583 620 1710 687 εἴτε
1769 616 1996 706 εὐνοίῃ
2055 623 2263 688 ταῦτα

362 721 643 806 ἐποίησε,
687 720 811 789 εἴτε
850 722 963 789 καὶ
1008 722 1439 807 καταχαίρων.
1513 719 1702 789 Ἐπεί
1763 744 1832 789 τε
1883 718 2012 806 rico
2055 721 2352 812 ,Ξέρξῃὸο

361 822 543 903 ἔδοξε
572 822 1065 911 στρατηλατέειν
1108 824 1213 892 ἐπὶ
1252 823 1377 909 τὴν
1412 820 1730 905 Ἑλλάδα,
1775 820 1904 889 ἐών
1949 822 2023 891 ἐν
2071 822 2263 892 Σού-

363 942 541 993 σοισι
583 922 622 993 ὁ
666 926 1084 1014 Δημάρητος,
1125 926 1240 994 καὶ
1289 924 1674 1011 πυθόμενος
1715 930 1941 1006 ταῦτα,
1983 925 2270 1013 ἠθέλησε

319 1029 946 1112 4Λακεδαιμονίοισι
995 1028 1366 1113 ἐξαγγεῖλαι.
1415 1026 1630 1107 ἄλλως
1681 1030 1802 1113 μὲν
1847 1026 1928 1115 δὴ
1973 1026 2098 1097 οὐκ
2139 1024 2267 1115 εἶχε

364 1131 680 1216 σημῆναι·
751 1129 1176 1199 ἐπικίνδυνον
1230 1129 1358 1217 γαρ
1416 1122 1504 1217 ἦν
1541 1130 1636 1219 μή
1679 1132 2046 1219 λαμφθείη·
2100 1129 2137 1200 ὁ
2197 1133 2352 1200 δὲ35

320 1234 737 1317 5μηχανᾶται
774 1230 1017 1300 τοιάδε.
1062 1233 1321 1300 δελτίον
1362 1234 1696 1327 δίπτυχον
1709 1235 1952 1323 λαβών,
1997 1258 2115 1302 τον
2156 1259 2268 1321 κη-

362 1330 490 1417 ρὸν
555 1330 768 1400 αὐτοῦ
820 1331 1147 1421 ἐξέκνησε,
1222 1336 1337 1405 καὶ
1398 1337 1618 1405 ἔπειτα
1678 1335 1751 1401 ἐν
1793 1341 1888 1427 τῷ
1931 1335 2102 1425 ξύλῳ
2144 1342 2269 1405 τοῦ

362 1435 627 1503 δελτίου
689 1432 931 1521 ἔγραψε
988 1434 1111 1523 τὴν
1174 1438 1481 1526 βασιλέος
1523 1461 1826 1523 γνωμην·
1887 1442 2166 1524 ποιησας
2197 1440 2270 1509 δὲ

365 1542 611 1618 ταῦτα,
680 1531 894 1605 ὀπίσω
936 1536 1190 1625 ἐπέτηξε
1231 1538 1351 1608 τὸν
1392 1539 1605 1628 κηρὸν
1648 1538 1750 1607 ἐπὶ
1794 1537 1877 1606 τοὶ
1916 1540 2269 1627 γράμματα

360 1638 475 1706 ἵνα
517 1637 888 1726 φερόμενον
928 1640 1151 1711 κεινὸν
1190 1640 1265 1710 τὰ
1312 1646 1568 1711 δελτίον
1610 1640 1814 1728 μηδὲν
1839 1648 2108 1729 πρῆγμα
2148 1669 2268 1711 πα-

323 1740 548 1827 6ρέχοι
591 1742 659 1809 οί
696 1740 865 1827 πρὸς
904 1748 1038 1811 τῶν
1078 1742 1543 1832 ὁδοφυλάκων.
1621 1744 1756 1813 ἐπεὶ
1787 1744 1858 1813 δὲ
1901 1746 2013 1813 καὶ
2053 1744 2355 1813 &uiue-40

366 1866 443 1912 το
488 1842 556 1923 ἐς
588 1842 713 1931 τήν
752 1849 1241 1935 Λακεδαίμονα,
1312 1846 1438 1917 οὐκ
1476 1844 1656 1934 εἶχον
1701 1847 2164 1934 ’συμβαλέσθαι
2208 1851 2277 1917 oi
2361 1857 2484 1921 618

366 1946 901 2033 Λακεδαιμόνιοι,
954 1952 1117 2033 πρίν
1172 1974 1247 2036 γε
1288 1950 1372 2036 δή
1424 1966 1576 2037 σφι,
1613 1946 1703 2030 ὥς
1743 1949 1872 2035 ἐγώ
1928 1949 2272 2019 πυνθάνο-

369 2074 505 2135 μαι,
562 2050 967 2138 Κλεομένεος
1018 2053 1141 2140 μὲν
1180 2051 1515 2140 θυγάτηρ,
1559 2054 1908 2119 Λεωνίδεω
1957 2054 2032 2121 δὲ
2071 2050 2266 2139 γυνὴ,

369 2151 627 2238 Γοργώ,
656 2149 968 2234 ὑπέθετο,
992 2152 1481 2243 ἐπιφρασθεῖσα
1508 2153 1698 2243 αὐτή,
1715 2154 1832 2223 τὸν
1863 2153 2072 2242 κηρὸν
2099 2160 2272 2223 κνᾶν
2283 2160 2352 2218 45

370 2430 602 2493 δελτίον
677 2430 965 2512 δίπτυχον
1022 2429 1271 2515 λαβών]

278 2513 472 2576 Affert
512 2517 727 2576 Pollux
767 2519 865 2593 IV,
912 2522 989 2586 18
1032 2521 1163 2580 coll.
1192 2522 1272 2595 X,

281 2601 385 2677 58,
429 2613 487 2661 et
538 2605 795 2662 Zonaras
833 2605 949 2684 lp.
979 2610 1124 2682 770,
1173 2607 1275 2663 ubi

278 2686 577 2762 &gemm
621 2708 726 2768 pro
768 2687 1063 2769 ἐξέκνησε,
1094 2701 1157 2750 ut
1186 2701 1275 2749 et-

278 2775 401 2830 iam
446 2771 655 2832 Suidas
696 2793 743 2839 ε.
776 2794 832 2835 v.
862 2775 893 2831 1
922 2796 983 2855 p.
1013 2775 1138 2840 764
1174 2773 1277 2834 ha-

282 2860 397 2934 bet,
442 2858 599 2940 quod
632 2862 1037 2939 interpretatur
1077 2859 1276 2937 ἐξέκο-

280 2957 407 3018 ψεν
448 2943 704 3020 (abscidit
738 2965 943 3021 ceram,
982 2967 1117 3006 oum
1162 2967 1273 3026 po-

284 3029 397 3085 tius
424 3029 495 3086 sit
522 3031 729 3089 abrasit
750 3031 969 3111 ceram),
998 3033 1273 3112 idemque

290 3107 555 3172 Suidass.
558 3135 609 3173 v.
629 3113 973 3196 ἐπέτηξεῙΡ.
979 3117 1271 3180 795affert

290 3195 637 3269 Herodotea,
682 3197 784 3254 id
769 3219 959 3277 ipsum
976 3221 1271 3279 exponens

289 3277 559 3358 ἐλέανεν,
603 3284 765 3342 λεῖον
820 3283 1090 3363 ἐποίησε,
1138 3305 1274 3343 cum

286 3365 531 3445 ἐπέτηξε
556 3367 746 3444 potius
786 3380 988 3427 sonet:
1038 3369 1278 3450 liquefa-

287 3459 431 3512 ctam
460 3451 731 3528 (ceram)
761 3451 1087 3532 mperfitdit,
1115 3455 1277 3558 quod

282 3537 445 3600 idem
472 3539 768 3618 Polyaeno
793 3541 869 3614 11,
890 3543 973 3603 20
1008 3552 1092 3600 est
1132 3535 1278 3624 ἐκή-

284 3640 473 3703 ρωσες
515 3621 619 3682 sed
648 3624 873 3683 Aeneas
901 3627 1124 3686 Tactic.
1152 3647 1287 3706 cap.

288 3710 365 3772 31
401 3705 527 3788 (ubi
558 3707 680 3768 vid.
738 3710 980 3770 casaub.
1012 3722 1069 3770 et
1104 3713 1279 3780 Orell,

286 3813 347 3872 p.
374 3797 495 3858 238
524 3795 676 3877 seq.)
722 3805 780 3854 et
806 3797 917 3857 Iul.
967 3798 1148 3856 Afric.
1196 3799 1278 3864 53

286 3877 682 3938 Herodoteum
710 3883 953 3942 verbum
982 3867 1233 3942 eadem'
1214 3903 1277 3941 m

288 3983 349 4022 re
403 3965 780 4026 retinuerunt.
880 3969 1053 4029 Conf.
1102 3972 1277 4028 etiam

281 4049 485 4111 lustin.
541 4053 708 4128 XXI,
762 4056 823 4117 6.
919 4053 1065 4114 Inde
1140 4075 1278 4114 cum

284 4133 703 4196 Valckenaerio
762 4141 843 4197 sic
918 4141 1275 4222 interpretari

283 4221 485 4279 malim
496 4221 777 4281 Herodoti
792 4224 1023 4285 locum:
1050 4229 1276 4308 sumptis

286 4306 497 4366 tabellis
532 4309 845 4388 biplimeus
889 4329 1073 4370 earum
1106 4331 1279 4374 ceram

286 4395 494 4468 erasit,
584 4413 801 4474 cumque
836 4397 896 4454 in
940 4396 1089 4474 ligno
1136 4402 1279 4476 regis

1358 2434 1636 2493 consilium
1678 2436 2001 2511 scripsisset,
2065 2452 2240 2493 ceram
2285 2434 2354 2491 li-

1358 2520 1664 2600 quefactam
1730 2519 1899 2579 literis
1955 2519 2352 2599 superinduxit.

1358 2606 1612 2666 Δελτίον
1661 2604 1948 2684 δίπτυχον
1976 2615 2141 2664 vocat
2180 2605 2353 2663 tabel-

1360 2691 1469 2748 lam
1536 2690 1864 2768 duplicatam
1926 2711 1971 2750 s.
2028 2691 2349 2768 pugillares.

1359 2775 1459 2834 Sic
1481 2775 1732 2837 Δελτίον
1759 2774 1914 2855 apud
1955 2775 2172 2835 Herod.
2201 2777 2352 2848 vm,

1360 2859 1504 2924 185.
1563 2862 1740 2918 Plura
1767 2860 1829 2918 in
1858 2859 2140 2940 Stephan.
2167 2857 2354 2924 Thes.

1353 2948 1423 3003 L.
1456 2947 1558 3005 Gr.
1609 2947 1693 3002 111
1727 2967 1788 3024 p.
1825 2949 1990 3010 3194
2021 2945 2116 3006 ed.
2147 2945 2352 3027 Valpy.

1353 3033 1519 3089 Beue
1563 3042 1760 3090 autem
1819 3031 2100 3090 Herodoti
2155 3033 2353 3090 locum

1354 3115 1631 3175 adhibent
1659 3115 1734 3174 ad
1761 3117 1996 3176 Homer.
2011 3118 2078 3174 11.
2093 3119 2190 3190 Vl,
2213 3121 2353 3189 169,

1354 3202 1457 3257 ubi
1484 3201 1666 3274 πίναξ
1692 3197 1949 3273 πτυκτός
1978 3201 2205 3258 πάεῐιιι·
2233 3221 2353 3258 esse

1354 3287 1583 3361 tabula,
1637 3283 1860 3343 duobus
1904 3287 2179 3344 asseribus
2207 3305 2354 3344 eon-

1356 3379 1530 3446 stans,
1556 3373 1656 3452 qui
1683 3372 2013 3448 complicari
2044 3381 2100 3430 et
2139 3373 2354 3450 signari

1357 3467 1658 3536 poterant3
1690 3455 1860 3538 quale
1889 3459 2090 3538 utique
2116 3455 2230 3516 hoo
2261 3459 2357 3536 ip·-

1366 3561 1498 3600 sum
1527 3543 1700 3601 fuerit
1725 3541 1958 3604 δελτίον
1985 3543 2270 3622 δίπτυχον
2299 3553 2358 3602 et

1366 3647 1518 3708 quae
1560 3626 1738 3708 vulgo
1797 3639 2076 3686 vocantur
2135 3628 2356 3709 βυβλία

1366 3713 1636 3792 δίπτυχα.
1683 3713 1850 3771 eonf.
1891 3714 2097 3794 Heyne
2127 3712 2203 3772 ad
2227 3717 2357 3774 Ho-

1360 3799 1574 3858 meril.
1602 3800 1644 3858 1.
1673 3799 1752 3856 Τ.
1782 3797 1852 3856 V.
1880 3817 2030 3880 pag.
2044 3803 2188 3864 222.

1449 3879 1641 3964 μηδὲν
1680 3887 1930 3965 πρῆγμα
1968 3883 2218 4034 παρέᾶχοι
2263 3883 2354 3962 οἰ]

1357 3973 1447 4029 De
1478 3971 1769 4029 locutione
1806 3971 1974 4046 efil,
2021 3969 2163 4034 135.
2235 3970 2356 4028 Vo-

1362 4057 1556 4115 culam
1604 4077 1664 4118 οι
1705 4057 1766 4112 ἰιι
1797 4053 2144 4137 quibusdam
2174 4056 2354 4114 omis-

1360 4161 1485 4201 sam
1498 4143 1647 4200 bene
1675 4144 1883 4199 tuearis
1912 4159 2050 4198 oum
2074 4138 2353 4204 Abx-esch.

1360 4225 1651 4286 Dilucidd.
1683 4224 1998 4306 Thucydd.
2043 4245 2176 4306 pag.
2213 4223 2356 4290 247.

1363 4314 1568 4373 Omisit
1599 4329 1728 4368 eam
1757 4330 1991 4393 quoque
2029 4309 2355 4370 Bekkerus.

1453 4391 1690 4479 Γοργω]
1709 4399 1906 4478 (ἔοι-σο
1920 4394 2214 4456 Leonidae
2235 4415 2358 4455 non
