2967 5150
807 444 1535 511 POLYMNIA.
1615 442 1766 505 vn.

2104 444 2234 511 *111

325 615 497 705 κρὸς
546 611 838 701 ἑσπέρης,
894 611 1055 699 ὄρος
1092 605 1347 699 ἄβατόν
1382 632 1455 679 τε
1507 608 1622 679 καὶ
1663 604 2114 695 ἀπόκρημνον,
2159 604 2236 677 ὖ-

327 716 549 807 ψηλόν
569 764 590 797 ,
651 712 999 784 ἀνατεῖνον
1058 714 1125 793 ἐς
1175 714 1297 800 τὴν
1350 712 1552 797 Οἴτην
1567 735 1587 754 ·
1655 708 1734 779 τό
1779 710 1853 779 δὲ
1905 708 2072 795 πρὸς
2111 709 2238 797 τὴν

284 820 439 909 5ἤῶ
461 824 579 907 τῆς
610 816 799 897 ὁδοῦ,
840 816 1145 885 θάλασσα
1171 811 1564 883 ὑποδέκεται
1602 814 1716 883 καὶ
1729 809 2018 899 τενάγεα.
2044 812 2318 883 ”Batauo

326 922 403 992 δὲ
458 920 531 989 ἐν
576 924 661 1009 τῇ
702 919 910 1011 ἐσόδῳ
952 916 1162 1007 ταύτῃ
1202 918 1423 1003 θερμὰ
1464 914 1740 1001 λουτρὰ,
1786 914 1868 983 τὰ
1924 913 2235 999 Χύτρους

328 1023 644 1093 καλέουσι
666 1024 737 1091 οἱ
758 1020 1131 1110 ἐπιχώριοι·
1172 1020 1287 1088 καὶ
1326 1017 1553 1107 βωμὸς
1591 1019 1854 1103 ἵδρυται
1873 1015 2233 1105 ‘Homnae

270 1332 345 1400 τό
361 1333 427 1400 δὲ
438 1332 583 1417 πρὸς
596 1332 711 1419 τὴν
727 1328 823 1417 η’ὀό
833 1337 943 1415 τῆς
953 1331 1109 1399 ὁδοῦ
1122 1331 1243 1398 θοὶ-

238 1426 437 1485 λασσα
453 1420 809 1485 ὑποδέκεται
822 1420 925 1483 καὶ
958 1416 1239 1503 τενάγεα]

238 1510 287 1571 ἰ.
313 1529 367 1567 e.
397 1508 466 1566 ab
490 1512 685 1568 oriente
704 1512 848 1567 viam
872 1510 1069 1586 excipit
1094 1524 1241 1566 mare

240 1614 317 1653 ac
338 1593 571 1675 paludes
614 1615 658 1653 s.
695 1598 919 1670 stagna.
990 1588 1241 1673 τενάγεα

240 1678 363 1738 hoc
424 1698 597 1737 sensu
637 1679 963 1737 invenimus
1016 1680 1063 1752 1,
1114 1682 1241 1742 202

240 1765 353 1823 fin.
412 1766 565 1841 VIII,
618 1768 759 1828 129.
867 1764 1018 1821 Cum
1057 1764 1245 1821 Hero-

240 1848 393 1909 doto
428 1851 715 1909 consentit
756 1850 1055 1929 Appianus
1087 1848 1130 1908 l.
1161 1849 1239 1907 l.:

238 1938 334 2019 τῇ
382 1930 493 2014 μὲν
533 1929 819 1997 θάλασσα
865 1938 1105 2015 τραχεῖα
1136 1932 1243 1995 καὶ

238 2014 562 2098 ἀλίμενος,
618 2023 699 2103 τῇ
740 2014 805 2081 δὲ
852 2018 985 2092 ἕλος
1015 2012 1242 2097 ἄβατόν

234 2126 311 2167 τε
336 2102 442 2165 καὶ
490 2106 921 2187 βαραθραῖδες,
984 2106 1241 2183 itemque

230 2190 467 2265 Livius,
517 2189 675 2271 apud
731 2210 909 2273 quem
964 2190 1241 2265 XXXVI,

246 2278 338 2340 18
366 2272 510 2333 haec
530 2278 831 2353 leguntur:
863 2276 1029 2350 „loca
1057 2292 1241 2356 usque

241 2358 328 2419 ad
360 2378 519 2419 mare
547 2363 703 2421 invia
731 2360 969 2440 palustri
1010 2361 1153 2417 limo
1184 2370 1242 2419 et

240 2448 683 2525 voraginibus.“
741 2446 893 2518 Quin
923 2447 1239 2503 etiamnum

238 2540 455 2611 stagna
482 2532 640 2591 viam
669 2532 742 2590 ab
787 2533 1007 2590 oriente
1047 2532 1241 2590 inclu-

242 2615 409 2693 dere,
441 2616 515 2676 ad
544 2637 706 2676 mare
742 2637 929 2698 usque
955 2627 1245 2697 porrecta,

240 2713 505 2779 narrant,
526 2722 885 2785 quamquam
896 2703 1070 2762 arena
1085 2703 1246 2760 mul-

240 2797 310 2850 ta
341 2806 375 2846 e
402 2791 695 2849 montibus
724 2787 1244 2868 advectaxterriique

238 2875 377 2955 ipsa
425 2873 673 2955 ’adgesta
730 2875 995 2936 locorum
1065 2876 1245 2934 situm

240 2957 521 3019 nonnihil
559 2970 849 3020 mutatum
884 2971 1059 3042 atque
1084 2959 1245 3018 viam

246 3045 523 3104 latiorem
578 3047 793 3106 factam
843 3065 966 3105 esse
1000 3043 1239 3107 addunt.

248 3129 395 3186 Uno
437 3139 633 3187 tamen
674 3133 803 3191 loco
844 3129 1036 3191 adhuc
1084 3131 1245 3212 viam

254 3222 383 3272 tam
402 3224 701 3290 angustam
718 3235 838 3273 esse
864 3226 1139 3289 asserunt,
1150 3234 1247 3276 sa-

252 3297 350 3358 xis
367 3299 687 3378 praeruptis
698 3299 770 3357 ab
784 3317 918 3376 nna,
944 3299 1249 3380 paludibus

252 3383 563 3442 inaccessis
602 3384 678 3442 ab
704 3385 886 3443 altera
918 3395 1081 3465 parte
1120 3387 1250 3444 cin·-

248 3479 431 3542 ctam‚
462 3479 529 3527 ut
554 3470 657 3528 vix
686 3468 803 3530 dno
832 3471 1049 3554 equites
1076 3471 1251 3530 simul

248 3555 499 3615 transm
552 3556 793 3636 possint.
888 3554 1023 3616 vid.
1064 3559 1250 3616 Krnse

248 3641 453 3699 Hellas
480 3643 555 3717 n,
600 3645 643 3706 2
669 3661 731 3722 p.
769 3644 889 3706 129
922 3661 1046 3724 seq.
1086 3643 1253 3704 Vau-

250 3723 563 3786 doncourt.
590 3727 633 3786 1.
653 3727 695 3786 l.
722 3747 783 3807 p.
800 3731 926 3793 280
952 3747 1077 3810 seq.
1112 3729 1253 3786 Mil-

250 3813 401 3872 liare
447 3832 633 3871 unum
676 3831 836 3872 nnnc
864 3832 1027 3872 mare
1056 3831 1091 3873 a
1116 3813 1250 3871 fau-

252 3897 423 3956 cibus
479 3897 685 3957 distare
726 3899 924 3960 scribit
962 3897 1249 3958 Dodwell.

250 3983 299 4042 l.
328 3983 372 4042 l.
400 4002 461 4061 p.
497 3985 637 4048 189.

344 4062 551 4149 θερμὰ
574 4063 811 4150 λουτρὰ,
860 4067 935 4132 τὰ
971 4060 1251 4148 Χύτρους

254 4150 544 4216 καλέουσι
593 4152 660 4215 οἱ
695 4149 1052 4234 ἐπιχώριοι]
1126 4156 1252 4212 Eu-

254 4235 437 4299 stath.
455 4237 531 4297 ad
556 4239 797 4320 Dionys.
821 4238 946 4304 437
982 4237 1129 4299 haec
1168 4241 1256 4297 ci-

256 4327 394 4382 tans
432 4322 599 4383 affert
662 4316 937 4404 Χύτραςς
1007 4326 1257 4384 Pausan.

254 4407 363 4484 IV,
393 4409 475 4474 36
504 4411 565 4482 §-
610 4412 673 4474 6.
710 4402 991 4492 Χύτρους
1016 4411 1058 4469 i.
1087 4428 1142 4468 e.
1177 4409 1259 4470 le·

1322 1336 1494 1410 betae,
1573 1334 1743 1409 ollae,
1820 1332 2026 1395 Kenel.
2114 1334 2314 1417 Aquas

1324 1418 1498 1479 hasce
1540 1419 1751 1480 calidas
1817 1430 2046 1500 praeter
2106 1421 2318 1481 catull.

1323 1507 1529 1579 LXVI,
1577 1505 1659 1570 54
1723 1515 1780 1563 et
1833 1505 2109 1585 Sophocl.
2161 1508 2318 1566 Tra-

1323 1586 1478 1651 chin.
1519 1594 1644 1655 602
1679 1588 1854 1649 Both.
1883 1589 2140 1650 indicant
2167 1611 2319 1672 quo-

1325 1696 1439 1758 qne
1468 1677 1665 1735 Livius
1704 1686 1762 1733 et
1791 1677 2000 1743 Strabo
2027 1678 2069 1736 l.
2100 1678 2139 1735 Ι.
2167 1678 2318 1736 Pro-

1326 1764 1524 1821 siliunt
1579 1762 1674 1821 isti
1728 1761 1918 1821 fontes
1961 1764 2202 1841 paulum
2241 1762 2318 1822 ad

1324 1850 1616 1908 sinistram
1671 1850 1882 1906 remoti
1935 1848 2008 1906 ab
2053 1868 2124 1907 eo
2164 1850 2316 1925 loco,

1324 1935 1423 1991 ubi
1456 1936 1790 1992 Tui-corum
1818 1935 2142 2013 portorium
2162 1978 2180 2008 ,
2222 1934 2318 1992 cui

1322 2038 1480 2076 nnnc
1519 2038 1737 2076 nomen
1765 2020 2017 2077 Derveni
2042 2065 2057 2094 ‚
2107 2018 2316 2079 admo-

1326 2102 1469 2163 dum
1497 2104 1638 2163 clari
1667 2115 1725 2162 et
1767 2102 2096 2184 sulphurei,
2144 2104 2316 2165 calidi

1323 2187 2316 2356 fflissffimffifflffimssssssffi

1699 2319 1715 2349 θ

1324 2356 1602 2418 undecim
1666 2359 1881 2439 gradus
1948 2357 2316 2421 Fahoenheit.

1322 2446 1502 2504 Plura
1547 2447 1732 2504 Kruse
1774 2447 1815 2504 l.
1860 2446 1899 2504 l.
1937 2465 2072 2525 pag.
2105 2449 2228 2511 130
2257 2454 2317 2507 et

1322 2528 1741 2590 Vaudoncourt
1780 2531 1822 2590 l.
1851 2530 1889 2592 l.
1925 2551 1988 2611 p.
2031 2534 2150 2596 281
2191 2551 2316 2614 seq.

1325 2617 1435 2674 Hic
1494 2618 1634 2674 olim
1677 2617 1739 2674 in
1793 2615 2211 2676 Thessalorum
2259 2629 2318 2677 et

1324 2702 1694 2760 Meliensium
1719 2704 1966 2781 gratiam
1994 2702 2166 2762 cellas
2213 2721 2318 2762 ae-

1326 2787 1686 2867 grotantibus
1757 2786 2097 2846 commodas
2169 2807 2318 2848 con-

1324 2873 1466 2932 strui
1494 2892 1718 2932 curasse
1735 2871 2032 2932 Herodem
2057 2875 2319 2934 Atticum

1326 2979 1361 3016 e
1388 2957 1656 3019 Philostr.
1699 2959 1818 3018 vit.
1860 2955 2077 3020 Herod.
2101 2979 2160 3038 p.
2190 2959 2312 3026 551

1324 3045 1547 3122 colligit
1585 3039 1964 3108 Valckenaer.
2051 3047 2172 3104 Hos
2209 3065 2321 3104 au-

1327 3140 1449 3188 tem
1478 3129 1668 3188 fontes
1695 3139 1854 3188 tanta
1903 3149 2187 3212 aquarum
2214 3149 2321 3190 co-

1326 3214 1427 3293 pia
1453 3217 1758 3293 provenire
1799 3215 1993 3272 scribit
2027 3212 2318 3274 Dodwell.

1330 3301 1374 3359 l.
1403 3299 1444 3359 l.
1474 3319 1535 3378 p.
1571 3302 1723 3372 139,
1767 3308 1834 3357 ut
1874 3301 2151 3358 continuo
2177 3297 2317 3358 inde

1328 3384 1526 3464 plures
1553 3383 1874 3442 efficiantur
1907 3385 2077 3445 rivuli
2121 3405 2170 3444 s.
2193 3395 2321 3444 tor-

1332 3479 1542 3544 rentes,
1589 3469 1691 3550 qui
1733 3468 1809 3528 ad
1849 3489 2012 3528 mare
2043 3469 2320 3532 defluant.

1417 3552 1523 3616 καὶ
1544 3550 1742 3634 βωμὸς
1756 3553 2320 3636 ἴδρυταιᾟρακλὲος

1330 3633 1424 3703 ἐπ’
1458 3631 1738 3716 αύτοῖσι]
1799 3641 1950 3700 Satis
1977 3652 2185 3700 notum
2213 3652 2318 3716 est,

1333 3744 1537 3785 omnes
1591 3725 1780 3784 fontes
1827 3723 2041 3786 calidos
2085 3727 2322 3786 Herculi

1334 3821 1696 3870 consecratos
1741 3831 1864 3870 esse
1913 3813 1989 3871 ob
2062 3813 2318 3893 igneam,

1332 3898 1558 3976 opinor,
1581 3915 1648 3955 ao
1675 3897 1923 3955 solarem
1931 3895 2104 3958 huius
2122 3899 2324 3960 numl-

1330 3984 1422 4042 nis
1442 3984 1566 4042 vim
1593 3979 1924 4043 hominibus
1949 3984 2323 4044 saluberrima

1334 4087 1602 4150 quaeque
1631 4065 2142 4130 administrantem.
2185 4065 2321 4129 vid.

1338 4150 1539 4214 Schol.
1551 4156 1614 4212 in
1628 4152 1922 4233 Aristoph.
1947 4157 2002 4212 N
2003 4153 2140 4212 ubb.
2159 4151 2323 4216 1050

1337 4239 1481 4320 ibiq.
1509 4249 1658 4298 nott.
1703 4237 1945 4296 Diodor.
1975 4240 2072 4312 IV,
2103 4239 2184 4302 23
2205 4237 2324 4295 ibi-

1340 4344 1458 4406 que
1486 4323 1836 4400 Wesseling.
1867 4324 1996 4382 coll.
2025 4325 2223 4384 Walz.
2253 4320 2330 4382 ad

1342 4411 1548 4472 Arsen.
1589 4407 1799 4468 violet.
1839 4425 1974 4488 pag.
2015 4412 2144 4474 278
2169 4427 2334 4491 seqq.

2373 634 2406 651 ἱ
