2967 5150
588 465 726 524 An
783 415 1528 539 ‘hanone-rum-
1582 467 1707 544 v1,
1774 469 1894 534 69.
2226 471 2366 546 fios
2457 462 2479 476 “

109 633 182 694 ὠ
219 630 450 694 eumdem
471 639 664 714 portae
679 641 843 715 parte
869 633 1051 695 alterni
1079 631 1153 718 (i.
1181 655 1238 696 e.
1265 635 1555 716 opposita)
1596 639 1680 696 ita
1697 681 1717 714 ,
1768 643 1834 698 ut
1863 640 2122 698 intret-ms
2140 644 2192 698 et
2221 637 2360 720 Iup-

99 738 246 816 piter
273 741 324 796 et
349 733 526 796 Heres
551 739 818 817 utrimque
851 738 1062 800 aditum
1087 743 1315 800 tenerent
1344 744 1396 798 et
1443 741 1606 819 quasi
1644 745 1967 801 tutarentur.
2049 743 2140 800 Ac
2179 745 2359 821 perli-

106 839 322 898 nebant
345 835 460 896 hae
485 841 791 919 religiones
819 860 954 900 cum
981 839 1059 899 ad
1083 843 1448 900 securitatem
1475 839 1709 901 aedium
1746 844 2103 924 privatarum
2126 853 2257 902 tum
2284 843 2361 904 ad

105 941 486 1000 sanctitatem.
569 944 648 1002 Et
681 941 913 1023 quando
943 945 1198 1002 Herceus
1224 944 1484 1023 Iuppiter
1510 945 1789 1004 Italorum
1812 943 2106 1006 Penatibus
2130 957 2357 1028 poterat

105 1045 394 1104 accenseri
423 1041 568 1116 (vid.
595 1042 672 1102 ad
699 1045 796 1121 VI,
826 1048 959 1122 68),
1001 1046 1324 1125 gentilicius
1353 1043 1525 1120 heros
1564 1047 1911 1108 Asu-abacus
1951 1045 2121 1112 Laris
2156 1049 2356 1107 locum

103 1148 363 1209 sustinet.
443 1145 617 1206 Haud
647 1145 822 1208 dubie
849 1149 1008 1208 enim
1033 1149 1096 1206 in
1122 1150 1296 1212 sacris
1322 1150 1557 1230 privatis
1582 1147 1757 1210 valde
1785 1158 2063 1228 cognatus
2100 1151 2251 1210 inter
2294 1171 2355 1210 se

102 1248 216 1308 fuit
239 1249 424 1310 cultus
449 1268 612 1308 sacer
638 1261 904 1310 veterum
933 1251 1304 1332 populorum,
1334 1269 1478 1333 quos
1507 1249 1778 1311 diximus.
1833 1252 1960 1324 Qua
1988 1249 2063 1310 de
2096 1271 2161 1309 re
2187 1251 2353 1330 plura

105 1350 324 1409 contuli
371 1350 434 1407 in
464 1351 700 1411 Annali.
749 1348 1115 1433 Heidelberg.
1163 1355 1324 1418 1817
1364 1373 1456 1414 nr.
1488 1356 1571 1418 78
1599 1375 1662 1433 Ρ.
1705 1357 1867 1419 1236
1894 1373 2023 1436 seq.
2102 1355 2215 1413 Hic
2243 1355 2353 1412 alia

103 1453 346 1532 paucula
373 1453 674 1512 subiiciam
699 1453 1096 1514 coniunctiora
1124 1473 1260 1514 cum
1289 1453 1618 1516 Herodoteo
1648 1453 1761 1516 hoc
1791 1466 2153 1536 argumenta
2256 1454 2352 1513 Ad

101 1556 466 1614 securitatem
493 1555 674 1634 igitur
697 1566 916 1635 spectat
941 1554 1106 1632 illud,
1137 1555 1292 1638 quod
1314 1558 1406 1616 alii
1438 1556 1685 1640 Iuppiter
1701 1557 1889 1618 Custos
1902 1578 2041 1617 cum
2070 1558 2221 1618 Lare
2249 1576 2351 1616 co-

101 1659 332 1736 pulatur
359 1675 464 1736 per
491 1658 804 1734 attributa3
844 1680 904 1724 v.
933 1679 986 1719 c.
1027 1679 1132 1739 per
1157 1660 1501 1720 adiunctum
1545 1679 1742 1724 canem.
1826 1663 1914 1718 lta
1950 1661 2052 1718 ille
2095 1661 2351 1740 luppiter

99 1760 324 1818 fulmen
352 1768 554 1818 tenens
583 1762 900 1820 accubante
928 1781 1072 1822 cane
1101 1763 1304 1822 visitur
1327 1764 1390 1822 in
1416 1765 1684 1822 Lucerna
1722 1763 2029 1843 sepulcrali
2068 1780 2162 1842 ap.
2202 1763 2351 1819 Bar-

101 1864 201 1922 tol.
253 1873 313 1922 et
349 1861 674 1922 Bellorium
713 1865 778 1922 in
827 1865 1079 1925 Lucem.
1103 1862 1394 1945 sepulchr.
1423 1876 1576 1946 part.
1604 1867 1660 1924 11
1686 1886 1746 1945 Ρ.
1783 1871 1839 1930 1.
1920 1864 2165 1924 Laribus
2194 1865 2350 1920 enim

100 1967 178 2026 ob
205 1963 386 2024 fidam
414 1963 736 2026 custodiam
763 1966 1220 2028 attribuebantur
1258 1987 1450 2032 canes.
1536 1967 1668 2029 vid.
1696 1968 2017 2048 scriptores,
2048 1986 2193 2048 quos
2219 1967 2351 2024 lau-

97 2068 233 2129 davi
260 2066 336 2126 ad
363 2068 546 2128 Cicer.
577 2066 651 2127 de
677 2070 751 2127 N.
779 2070 853 2128 D.
881 2070 958 2143 Π,
985 2071 1071 2134 27
1097 2089 1156 2150 Ρ.
1188 2069 1311 2136 815
1343 2081 1400 2130 et
1431 2067 1509 2130 ad
1532 2071 1635 2147 111,
1663 2069 1745 2136 25
1786 2090 1851 2150 Ρ.
1885 2072 2031 2134 688.
2121 2065 2350 2128 Sancta·-

95 2175 234 2232 tatis
277 2180 335 2230 et
363 2173 638 2231 castitatis
661 2189 831 2252 supra
866 2167 972 2246 [ad
998 2169 1097 2246 v1,
1127 2173 1210 2238 68
1231 2191 1294 2252 Ρ.
1325 2172 1491 2255 320]
1530 2171 1894 2230 mentionem
1930 2169 2174 2230 fecimus
2188 2213 2207 2245 ,
2249 2170 2351 2230 ubi

96 2273 518 2358 quaerebamus
539 2318 560 2349 ‚
595 2291 700 2332 cur
741 2271 819 2331 ad
845 2273 1056 2330 Hercei
1078 2273 1230 2332 Iovis
1258 2291 1418 2333 aram
1450 2282 1643 2332 ortum
1670 2289 1844 2332 suum
1871 2272 2196 2353 exploraret
2227 2273 2346 2333 De-

93 2386 373 2437 maratus.
455 2378 660 2458 Neque
698 2376 896 2434 minus
939 2373 1257 2436 earundem
1295 2375 1645 2454 religionum
1684 2376 1910 2455 legibus
1950 2374 2347 2454 continebatur

95 2476 144 2559 ᾖ
159 2476 438 2559 οἰκουρία
455 2477 808 2558 seminarem,
848 2497 986 2538 cum
1015 2487 1178 2558 septo
1207 2474 1489 2538 excedere
1514 2480 1693 2560 inque
1718 2478 1875 2537 viam
1902 2475 2135 2556 prodire
2162 2473 2349 2536 hone-

91 2592 182 2644 ste
209 2600 332 2641 non
353 2591 588 2661 possent
609 2582 901 2642 mulieres.
985 2581 1176 2653 Quam
1201 2599 1328 2641 rem
1357 2581 1547 2663 attigit
1586 2578 1957 2643 Valcken.ad
1986 2578 2202 2642 Herod.
2244 2581 2345 2655 IV,

98 2684 244 2752 114.
287 2684 602 2763 Boettiger.
623 2686 754 2771 ‘Die
795 2681 1154 2749 Aldobrand.
1193 2680 1416 2744 Hochz.
1453 2704 1517 2765 Ρ.
1548 2682 1671 2751 184
1700 2694 1759 2745 et
1788 2691 2044 2748 annotat.
2064 2692 2241 2744 nostr.
2268 2680 2346 2741 ad

89 2789 346 2849 Musonii
373 2786 586 2866 fraguu
613 2786 678 2845 in
705 2783 880 2847 stud.
906 2786 988 2868 ly
1012 2806 1072 2867 Ρ.
1104 2788 1246 2851 18Ο.
1327 2787 1501 2845 Nunc
1526 2786 1591 2845 in
1618 2784 1875 2860 clausula
1911 2783 2209 2847 Herodoto
2238 2802 2345 2865 ap-

88 2893 319 2975 plicabo
351 2888 499 2955 illud
524 2886 830 2947 Menandri
850 2897 1056 2969 poetae
1082 2886 1237 2969 apud
1265 2887 1434 2952 Stob.
1462 2888 1655 2950 Sex-m.
1684 2908 1737 2952 ο.
1770 2890 1891 2955 168
1908 2902 1929 2945 =

507 3001 648 3067 τοὺς
679 3004 784 3073 τῆς
815 3020 954 3073 γαμ
975 3003 1150 3073 ετῆς
1183 2995 1356 3072 ὅρους
1387 2998 1751 3077 ὑπερβαίνω
1782 2998 1951 3071 γύναι

510 3086 606 3144 διὰ
629 3088 733 3158 τὴν
771 3084 1036 3143 αὐλάν·
1069 3086 1250 3159 πέρας
1279 3086 1391 3159 γὰρ
1429 3084 1599 3143 afile
1618 3107 1685 3143 ιο
1704 3108 1733 3153 ς
1767 3086 1969 3157 θύρα

509 3170 780 3247 ἐλευθέρᾳ
813 3172 1113 3243 γυναικὶ
1145 3169 1421 3240 νενόμιστ’
1455 3172 1653 3235 οἰκίας.

90 3286 204 3346 Cui
231 3286 362 3343 loco
390 3280 639 3340 similem
665 3278 926 3339 Philonis
955 3278 1028 3339 de
1055 3278 1392 3359 specialibus
1418 3280 1643 3359 legibus
1666 3277 1861 3337 iunxit
1896 3264 2142 3357 mag'nus
2166 3272 2343 3335 Vale-

86 3392 208 3453 sius
254 3383 332 3445 sd
370 3382 605 3443 Eusebii
633 3386 847 3448 Hister.
882 3382 1161 3442 Constant
1193 3380 1292 3458 IV,
1323 3384 1365 3446 7
1407 3402 1470 3463 Ρ.
1502 3380 1647 3460 568,
1677 3380 1779 3441 ubi
1812 3378 1989 3440 etiam
2030 3374 2341 3459 οἰκουρίας

88 3493 304 3555 diserta
329 3487 612 3551 mentio.“
657 3520 737 3531 —
