2967 5150
793 436 843 493 P
893 435 1518 495 OLYMNIA.
1603 436 1756 503 vn.
1813 488 1830 505 ,

2099 440 2224 501 ool

314 598 529 687 τρέων
584 600 711 669 εἰσὶ
762 602 837 669 οἱ
888 598 1416 689 προφητεύοντες
1457 602 1586 669 τοῦ
1627 602 1783 688 ι’ροῦ
1801 648 1824 681 ‚
1863 598 2312 689 andanemis-50

233 883 425 953 tantur,
469 850 971 959 quemadmodum
1015 873 1081 941 οἴ
1104 883 1228 941 τῶν

232 956 591 1043 ’Ἀμμωνίων
604 968 913 1044 προφῆται
930 962 1087 1044 apud
1102 966 1227 1022 Lu-

232 1050 377 1109 cian.
409 1048 581 1109 Diali.
608 1052 805 1109 Mortt.
832 1052 991 1125 XIII,
1028 1055 1059 1113 1
1094 1052 1227 1109 coll.

229 1133 505 1215 Aeschyl.
529 1134 845 1196 Eumenid.
878 1138 955 1198 19
1002 1144 1061 1194 et
1098 1138 1229 1193 Eu-

231 1218 405 1299 ripid.
444 1224 571 1280 Ion.
616 1219 762 1285 413.
845 1221 1041 1300 Atque
1090 1222 1231 1279 Del-

232 1304 363 1387 phis
388 1298 709 1385 προφήτης
754 1305 921 1383 (vid.
950 1305 1229 1368 Herodot-

230 1392 393 1468 v111,
414 1394 516 1456 36.
548 1396 630 1456 37
660 1392 795 1453 coll.
824 1390 964 1455 135.
986 1394 1093 1467 IX,
1118 1390 1228 1469 34)

232 1476 545 1536 vocabatur
572 1476 756 1557 templi
771 1478 1012 1553 antistes,
1056 1487 1124 1535 ut
1149 1478 1231 1537 ait

230 1564 431 1623 Livius
456 1564 675 1637 XXIII,
699 1567 728 1626 1
744 1566 798 1639 1,
844 1564 1004 1634 Quae
1022 1582 1231 1623 emen-

232 1646 393 1707 datio
434 1650 483 1707 si
520 1650 655 1707 viris
696 1646 881 1707 doctis
910 1647 1225 1728 displiceat,

226 1733 397 1794 idem
422 1730 863 1795 Valckenaerius
881 1734 1053 1794 scribi
1082 1754 1230 1815 quo-

232 1840 361 1920 que
384 1839 546 1899 posse
573 1831 771 1881 censet
798 1820 863 1883 οἰ
898 1836 1220 1902 προστα-

225 1900 591 1979 τεύοντες
629 1909 742 1971 τοῦ
783 1904 955 1987 ἷρου,
1002 1916 1068 1965 ιιι
1110 1906 1229 1965 Sa-

226 2001 354 2051 trae
395 1990 637 2073 quidem
689 1993 989 2052 oraculum
1025 2002 1226 2051 tenere

226 2078 325 2136 vel
362 2076 673 2157 possidere,
718 2078 881 2137 Bessi
909 2096 1051 2136 vero
1094 2082 1228 2137 tem-

214 2162 373 2242 plum
416 2166 561 2222 tueri
596 2161 879 2237 dicantur,
928 2164 1097 2223 rebus
1129 2182 1226 2223 sa·

233 2248 347 2307 cris
414 2246 877 2307 administrandis
935 2249 1229 2327 praefecti,

230 2330 475 2412 utapud
497 2330 875 2412 Xenophont.
888 2335 1115 2393 Hellen.
1128 2328 1231 2408 nl,

230 2422 281 2482 2
325 2419 382 2487 §-
415 2420 503 2481 22
544 2418 679 2476 coll.
718 2414 1024 2520 Thucyd.
1036 2420 1111 2495 11,
1144 2422 1231 2483 80

224 2502 369 2561 Elei
408 2499 681 2560 dicuntur
717 2498 1081 2583 προεστάναι
1120 2506 1231 2565 τοῦ

226 2581 390 2660 Διος
448 2590 559 2650 τοῦ
600 2580 961 2668 Ὀλυμπίου.
1042 2591 1229 2672 Equi-

228 2673 419 2732 dem
398 2693 466 2732 ιιι
478 2674 709 2753 vulgata
723 2677 1081 2756 acquiescere
1098 2695 1228 2734 ma-

226 2760 369 2836 lim,
454 2779 631 2840 quam
689 2763 769 2820 ita
825 2762 1228 2842 interpretatur

222 2847 463 2924 Lange.
508 2865 585 2904 ste
610 2847 732 2906 sind
757 2845 843 2905 die
873 2845 1107 2908 Prie-fter
1133 2847 1227 2907 da

226 2929 637 3030 Heiligtlmms,
674 2933 755 2991 ita
785 2941 848 2991 ut
878 2932 941 2995 οἰ
978 2957 1226 3013 προφη-

228 3037 507 3091 τευοντες
531 3037 593 3081 s·
623 3017 689 3080 οἱ
710 3022 1021 3098 προφῆται
1046 3021 1227 3078 intei-

229 3101 483 3178 ligantur
522 3105 681 3161 Bessi
723 3105 1017 3166 sacerdotes
1044 3105 1229 3182 templi

227 3187 497 3265 iidemque
538 3190 869 3250 arcendorum
897 3193 1225 3268 interpretes,

226 3273 335 3353 qui
374 3259 606 3335 oracula
646 3276 793 3334 vatis
830 3276 1086 3334 mulieris
1124 3293 1225 3332 ore

228 3357 385 3415 edita
404 3361 733 3438 concipiant
744 3377 929 3442 eaque
926 3351 1227 3439 'interpre-

228 3453 429 3502 tentur
452 3447 888 3512 sciscitantibus.
908 3447 1084 3503 Hinc
1106 3465 1229 3504 non

230 3530 387 3588 male
401 3529 756 3612 Larcherus·
738 3574 755 3589 .
800 3530 911 3589 Les
935 3529 1227 3590 Rumin-

231 3617 518 3694 terpretent
544 3619 731 3694 parum·
780 3636 863 3674 ces
912 3616 1127 3696 μωρία
1155 3615 1229 3675 les

230 3699 435 3759 eracles
477 3700 552 3758 du
618 3702 762 3760 dieu.
846 3702 1121 3760 Eundem
1168 3702 1231 3758 in

226 3784 479 3844 modum
510 3785 757 3848 reddidit
782 3790 946 3846 Miot.
1030 3789 1238 3874 Itaque

228 3873 335 3932 vix
362 3891 507 3952 opus
532 3891 669 3930 cum
682 3866 1232 3952 Schweighaeusero

232 3957 413 4018 verba
425 3960 551 4019 ταῖν
566 3957 845 4039 Σατρέων
860 3957 979 4023 εἰσὶ
996 3959 1061 4021 οἱ
1074 3981 1236 4034 προ-

232 4036 607 4121 φητεῦοντες
658 4049 770 4106 τοῦ
817 4045 961 4122 ἱροῦ
1010 4045 1235 4104 inteni-

228 4147 373 4208 gere
413 4127 478 4190 οἱ
522 4133 835 4209 προφῆται
868 4127 1035 4204 ὄντες
1078 4129 1228 4208 (scil.

228 4217 347 4275 τοῦ·
390 4217 553 4276 θεοῦ·
594 4215 689 4274 vel
731 4217 853 4277 τῶν
902 4219 1235 4296 χρησμων)

234 4297 307 4361 ἐν
332 4300 421 4382 τῷ
456 4301 582 4361 τῶν
629 4299 913 4382 Σατρέων
950 4301 1095 4382 ἱερῷ·
1130 4311 1232 4362 aut

236 4383 306 4446 οἱ
348 4387 471 4448 τῶν
506 4383 791 4469 Σατρέων
825 4391 1140 4468 προφῆται
1166 4385 1233 4450 ἐν

1309 871 1506 961 τούτῳ
1547 901 1629 939 τω
1683 873 1848 959 &993⁵-
1935 880 2066 959 Ipsa
2095 878 2309 939 mulier

1306 962 1546 1022 fatidica
1572 984 1718 1023 mox
1755 974 1998 1023 vocatur
2035 962 2334 1045 πρόμαψ,

1307 1072 1399 1122 τις
1428 1048 1533 1125 (de
1561 1066 1678 1131 qua
1704 1069 1848 1110 voce
1877 1050 2032 1109 conf.
2061 1062 2206 1109 nott.
2233 1050 2310 1111 ad
2365 1038 2382 1059 ⁸

1308 1136 1411 1210 VI,
1452 1137 1566 1207 66)
1609 1133 1655 1214 ἦ
1693 1133 1950 1213 χρέουσα
1990 1136 2056 1215 (i.
2089 1156 2314 1215 1³.qu

1308 1224 1433 1300 ipsa
1492 1219 1602 1279 edit
1659 1220 1955 1298 eramala),
1999 1223 2102 1280 ubi
2149 1222 2310 1303 quod

1310 1306 1502 1386 plures
1551 1303 1735 1365 codd.
1763 1305 2013 1366 afferunt
2054 1304 2100 1387 ἦ
2140 1330 2173 1387 χ
2190 1330 2225 1389 ρ
2245 1306 2308 1370 ἑ·-

1307 1409 1469 1534 ἕῖῑζεῗ
1486 1388 2308 1559 ἕέἓὲἶῖἳιῖιῖἒίῗ“ἔὲἰῗὲζῗ

1308 1560 1654 1636 haeuserus,
1726 1558 2019 1621 deducens
2069 1562 2216 1623 illud
2271 1584 2307 1623 a

1308 1647 1490 1709 verbo
1517 1638 1703 1728 χροὶω,
1727 1640 2045 1755 χρᾶουσα,
2087 1652 2311 1727 χρωσα,

1308 1730 1540 1815 χρέωσα
1581 1729 1674 1812 (ιιι
1710 1728 2030 1815 ὅρέωντες,
2064 1730 2306 1817 ὁρέωσι)

1306 1816 1578 1879 nondum
1603 1819 1703 1876 ilie
1729 1816 1875 1875 mihi
1895 1820 2191 1898 persuasit.
2218 1820 2308 1879 Ao

1307 1916 1465 1964 recte
1535 1905 1877 1963 Buttmann.
1929 1904 1992 1963 in
2043 1904 2306 1969 Gramm.

1307 1992 1449 2049 mai.
1491 1991 1550 2047 Π
1589 2008 1726 2069 pag.
1752 1988 1879 2054 256
1911 2010 1987 2048 ex
2011 1984 2075 2055 h.
2101 1991 2142 2051 l.
2173 1992 2309 2051 citat

1308 2073 1586 2156 χρέουσα.
1615 2077 1742 2134 Hoc
1768 2093 1908 2132 vero
1937 2072 2150 2136 Bacchi
2173 2096 2308 2135 ora·

1309 2162 1512 2221 culum
1537 2160 1600 2216 in
1629 2156 1884 2219 Thracia
1909 2163 2158 2240 respexit
2184 2164 2310 2219 Eu-

1312 2244 1482 2327 ripid.
1495 2246 1639 2305 Hec.
1663 2248 1845 2321 1267,
1871 2256 1940 2305 ut
1953 2255 2114 2305 notat
2123 2248 2312 2306 Wes-

1309 2332 1518 2413 seling.
1601 2332 1692 2390 Ac
1748 2328 1968 2390 Bacchi
2004 2350 2165 2391 sacra
2204 2350 2311 2413 per

1312 2416 1632 2485 Thraciam
1660 2418 2053 2498 antiquissima
2082 2419 2306 2479 exAsia

1306 2504 1431 2564 sive
1458 2500 1837 2562 aliunde‘huc
1871 2502 2110 2562 advecta
2136 2504 2309 2561 novi-

1306 2609 1475 2667 must,
1517 2587 1676 2649 unde
1702 2589 1799 2647 vel
1825 2592 2079 2669 ipsarum
2107 2587 2306 2648 Thra-

1310 2678 1435 2735 ciae
1534 2677 1799 2754 gentium
1898 2676 2308 2753 cognationem

1308 2759 1610 2842 quandam
1641 2761 2014 2820 cumAsianis
2039 2761 2308 2839 gentibus

1306 2857 1522 2906 statuas
1584 2847 1740 2907 licet.
1833 2840 2115 2906 Bessorum
2167 2852 2306 2906 vero

1305 2952 1527 2991 nomen
1553 2929 1728 2991 haud
1737 2933 1856 2990 scio
1899 2952 1976 2991 an
2005 2933 2310 2992 conveniat

1307 3038 1446 3077 cum
1495 3036 1565 3077 eo
1607 3015 1826 3076 Bacchi
1866 3020 2141 3091 nomine,
2188 3034 2306 3099 quo

1308 3101 1465 3183 apud
1495 3101 1752 3162 Thraces
1793 3123 1859 3160 ac
1898 3103 2156 3182 Phryges
2199 3122 2310 3162 vo·-

1310 3189 1557 3247 cabatur
1575 3183 1923 3266 Βασσαρεΰς
1965 3199 2138 3268 atque
2167 3207 2306 3246 cum

1307 3292 1453 3332 voce
1505 3271 1845 3354 Βασσαρὶς,
1927 3291 2074 3353 quae
2117 3282 2175 3330 et
2215 3269 2308 3330 dei

1307 3361 1485 3439 ipsius
1523 3369 1580 3416 et
1621 3355 1928 3416 sacerdotis
1981 3359 2304 3416 solemnem

1306 3443 1526 3504 indicat
1550 3454 1791 3504 vestem.
1875 3441 2007 3502 vid.
2036 3443 2303 3503 Creuzer.
2395 3487 2404 3498 .

1312 3529 1696 3610 Symbol.111
1734 3550 1793 3609 p·
1824 3529 1966 3602 352,
2011 3531 2112 3610 qui
2146 3528 2310 3588 idem

1314 3619 1491 3676 etiam
1527 3615 1776 3674 conferri
1801 3615 1926 3672 vult
1954 3615 2020 3674 C.
2051 3616 2120 3676 Ο.
2148 3615 2306 3674 Mm-

1313 3703 1419 3761 ler.
1450 3700 1800 3761 Orchomen.
1829 3717 1964 3779 pag.
1993 3703 2136 3766 882.
2191 3702 2306 3760 At-

1316 3805 1429 3869 que
1456 3785 1621 3845 Bode
1649 3783 1868 3866 (Or-ph.
1897 3806 1954 3864 p.
1993 3787 2140 3864 182)
2167 3783 2306 3845 hinc

1318 3893 1353 3931 a
1383 3869 1710 3932 Thracibus
1754 3869 2054 3930 Bacchum
2091 3882 2306 3946 vatem,

1281 3990 1290 3999 ·
1316 3959 1492 4018 etiam
1519 3956 2134 4037 Delphicum,omnino
2151 3956 2308 4016 deri-

1312 4042 1574 4114 vandum
1629 4063 1750 4102 esse
1790 4044 2042 4102 coniicit.
2148 4040 2308 4100 Adel.

1309 4127 1572 4195 Lobeck.
1601 4127 1979 4209 in'AgIaoph.
2020 4145 2155 4207 pag.
2183 4128 2308 4192 289

1314 4213 1389 4275 de
1413 4212 1633 4275 Bacchi
1661 4217 1820 4274 cultu
1863 4211 2020 4294 apud
2048 4213 2307 4272 Thraces

1314 4299 1721 4382 disputantem,
1749 4300 1850 4358 ubi
1881 4309 1940 4356 et
1966 4294 2079 4356 hoc
2108 4299 2308 4356 obser-

1317 4397 1433 4464 vat,
1460 4405 1570 4467 pro
1611 4384 1794 4446 Beroia
1831 4393 1890 4444 et
1920 4381 2152 4464 Odrysis
2179 4385 2310 4444 Ho-
