2967 5150
839 418 1569 481 POLYMNIA.
1633 421 1818 482 ·v11.

281 593 630 682 4κημένον
673 586 813 659 ὑπὸ
855 574 1260 672 &vove-inoff.

1702 240 1743 287 0

2130 429 2259 493 4⁶67

1348 590 1434 675 τῇ
1477 584 1549 653 δὲ
1602 590 1873 677 τελευτᾷ
1914 586 1980 667 ἐς
2022 587 2145 677 τὴν
2184 590 2257 679 ἤ-

321 722 566 783 πειρον
605 691 682 763 τὸ
725 692 913 779 ὅρος,
975 688 1513 777 χερσονησοειδές
1550 686 1619 757 τέ
1661 689 1815 773 ἐστι,
1858 692 1967 761 καὶ
2012 694 2339 780 coepes-35

323 805 422 884 ὥς
479 798 742 871 δώδεκα
802 794 1123 865 παιδίων·
1209 793 1442 864 πεδίον
1489 792 1561 861 δὲ
1600 798 1843 876 τοῦτο,
1884 797 1996 865 καὶ
2037 804 2249 869 κολω-

237 1070 360 1131 hnc
403 1086 588 1149 quam
613 1066 872 1123 maxime
899 1060 1052 1120 Plin.
1083 1062 1162 1121 Η.
1177 1060 1252 1122 Ν.

239 1160 342 1232 IV,
379 1159 478 1231 10,
513 1158 594 1217 17
626 1152 712 1229 (ξ.
734 1150 844 1225 37)
877 1160 935 1205 et
955 1148 1143 1205 Melae
1159 1148 1253 1204 lo·-

243 1264 348 1303 eus
371 1244 445 1316 11,
477 1244 518 1304 2
545 1238 649 1295 fin.
667 1256 686 1295 t
731 1232 956 1311 „Athos
984 1252 1152 1291 mons
1169 1241 1254 1290 est

245 1328 394 1389 adeo
425 1326 606 1385 elatus
625 1368 646 1399 ,
686 1332 753 1379 ut
791 1318 1060 1379 credatur
1086 1318 1253 1377 altius

245 1419 424 1475 etiam
468 1430 646 1493 quam
688 1404 848 1465 unde
889 1406 1105 1463 imbres
1149 1422 1254 1462 oa·-

244 1502 393 1563 dunt
411 1546 428 1576 ,
498 1514 755 1575 surgere.
844 1492 1013 1571 Capit
1055 1491 1252 1571 opinio

243 1587 446 1658 fidem,
477 1582 702 1665 quiade
719 1580 848 1652 aris,
877 1596 1020 1659 quas
1047 1578 1256 1635 inver-

241 1678 360 1735 tioe
387 1672 634 1731 sustinet
648 1712 665 1744 ‚
716 1685 840 1723 non
885 1663 1137 1722 abluitur
1167 1662 1256 1719 oi-

241 1764 338 1820 nis
361 1804 380 1833 ‚
447 1754 548 1815 sed
589 1772 708 1836 quo
765 1751 1108 1831 relinquitur
1146 1765 1256 1826 ag-

244 1862 390 1927 gere
437 1852 657 1901 manet.
763 1838 1072 1896 Caeterum
1130 1849 1254 1890 non

243 1928 674 2015 promontorio,
693 1934 761 1983 nt
789 1924 904 1998 alii,
935 1938 1142 1981 verum
1157 1928 1256 1977 to-

245 2030 342 2078 tus
370 2024 560 2075 exstat
585 2021 826 2091 totoque
865 2010 1042 2087 longe
1083 2004 1253 2063 dorso

243 2101 512 2185 procedit
548 2102 611 2157 in
639 2098 911 2177 pelagus:
975 2094 1080 2175 qui
1109 2108 1256 2149 con-

241 2190 458 2251 tinenti
493 2182 770 2245 adhaeret
786 2226 803 2257 ,
873 2200 908 2239 a
956 2182 1158 2239 Xerxe
1192 2178 1257 2233 in

243 2277 454 2335 Graios
482 2268 757 2332 tendente
768 2268 1056 2348 perfossus
1069 2276 1258 2323 trans-

239 2364 597 2441 iugatusque
627 2366 730 2430 est,
770 2355 956 2423 fectus
981 2354 1130 2411 freto
1144 2367 1260 2407 na-

241 2436 1040 2598 ffiffim¹⁰⁶ffss¹221J3
1072 2452 1259 2584 3233

241 2619 562 2700 disputatio
642 2614 870 2674 citantis
953 2610 1255 2672 Ammian.

239 2705 510 2778 Marcell.
549 2699 744 2772 xlm,
787 2701 828 2762 8
858 2699 917 2770 ᾗ.
949 2703 992 2762 2
1035 2695 1258 2774 etAe-

239 2795 386 2854 lian-
435 2791 510 2850 No
553 2788 630 2851 Ao
671 2785 834 2857 XIII,
879 2787 962 2850 20
1005 2792 1063 2842 et
1089 2799 1258 2839 Com·-

239 2873 626 2940 monstrantis
673 2869 827 2930 hanc
867 2867 1258 2927 narrationem

243 2963 326 3024 de
396 2962 556 3030 fossa
633 2955 848 3032 Xerxis
916 2957 1080 3014 iussu
1151 2971 1258 3032 per

239 3049 470 3120 montis
512 3054 764 3118 Μοῖραι
804 3039 978 3100 dueta
1013 3041 1260 3098 minime

242 3133 482 3208 fabulis,
509 3142 576 3206 ut
595 3128 840 3211 quidam
866 3127 1124 3200 voluere,
1152 3121 1262 3184 ad·-

241 3215 626 3282 scribendam
683 3233 806 3276 esse
823 3257 841 3288 ,
913 3213 964 3274 si
1018 3197 1262 3294 quidem

241 3309 377 3366 eins
405 3304 624 3364 malis
663 3297 840 3360 arenis
864 3317 1023 3358 nuno
1065 3297 1264 3356 multis

236 3392 398 3459 locis
427 3389 632 3470 repleti
659 3385 903 3464 vestigia
912 3385 1262 3442 Aelianiae-

239 3488 374 3540 tate
431 3473 624 3534 adhuc
681 3471 1022 3532 exstiterint.
1107 3467 1262 3539 Quin

241 3562 452 3624 adhue
499 3562 654 3619 clare
683 3561 820 3638 *eius
861 3559 1048 3630 fossae
1084 3553 1263 3614 vesti-

239 3651 352 3730 gia
389 3665 692 3726 ‚superesse
731 3641 928 3704 docuit
957 3639 1262 3700 Ghoiseul-

243 3731 522 3796 Gonffier
550 3731 818 3812 (Voyage
855 3729 1153 3810 pittoresq.
1185 3723 1260 3784 de

239 3823 314 3882 la
341 3819 532 3880 Gru-ece
559 3819 634 3892 Π,
663 3817 734 3874 P.
763 3815 794 3872 Ι
817 3833 954 3894 pag.
985 3811 1128 3888 148,
1157 3831 1260 3870 ae·-

239 3915 522 3969 curatam
549 3901 764 3976 isthmi,
795 3921 900 3980 per
915 3917 1094 3983 quem
1109 3899 1260 3958 fossa

241 3993 436 4062 dueta
457 3991 589 4068 fuit,
620 3987 1063 4066 descriptionem
1091 3981 1262 4042 exhi-

239 4081 402 4138 bens
426 4095 564 4156 pag.
599 4071 721 4140 145
750 4093 911 4154 seqq.
931 4067 1128 4130 addita
1155 4067 1264 4130 de-

229 4165 570 4234 lineatione
611 4159 734 4218 aeri
774 4160 987 4232 ineisa,
1040 4156 1104 4214 in
1147 4152 1264 4237 quit

243 4251 441 4310 fossae
484 4246 867 4308 directionem
914 4245 1086 4323 plane
1118 4260 1266 4300 con-

245 4337 476 4419 spicere
547 4333 706 4392 licet.
807 4330 1058 4410 Repetiit
1112 4325 1268 4386 hano

1335 1060 1595 1119 tabulam
1630 1061 1777 1119 Gail.
1820 1062 1915 1121 in:
1984 1062 2149 1122 Atlas
2189 1060 2227 1121 ὲ
2280 1063 2337 1121 la

1336 1144 1704 1227 Geographie
1747 1146 2133 1225 d’Herodote,
2160 1144 2339 1207 Thn—

1338 1232 1579 1313 cydide‚
1620 1232 1975 1312 Xenophon.
2022 1244 2130 1293 eto.
2180 1237 2208 1292 I
2244 1254 2339 1294 nr.

1343 1323 1420 1383 17
1462 1320 1595 1378 coll.
1636 1320 1891 1398 Analyse
1936 1320 2035 1380 des
2068 1330 2249 1379 cartes
2275 1341 2335 1399 p.

1333 1408 1419 1468 20
1442 1424 1611 1485 seqq.
1654 1413 1712 1463 et
1755 1404 2124 1486 Geographie
2155 1404 2343 1464 d’He-.

1333 1488 1539 1549 rodote
1568 1492 1645 1551 T.
1675 1492 1733 1549 11
1754 1508 1890 1569 pag.
1918 1493 2038 1557 251
2072 1510 2233 1572 seqq.
2261 1494 2341 1550 At

1338 1578 1440 1657 qui
1480 1586 1676 1636 nostra
1727 1587 1913 1635 aetate
1940 1575 2045 1635 has
2073 1581 2341 1655 regiones

1335 1664 1651 1743 inquisivit,
1683 1662 2007 1743 Cousinery
2031 1664 2219 1721 nullas
2237 1682 2339 1720 oa-

1337 1750 1482 1807 nalis
1506 1795 1523 1825 ‚
1567 1768 1745 1831 quem
1790 1750 2032 1807 omnino
2062 1749 2341 1807 exstitisse

1335 1845 1543 1913 negat,
1614 1836 1884 1916 reliquias
1935 1854 1999 1893 se
2055 1833 2341 1894 detexisse

1335 1930 1561 1997 narrat,
1613 1920 1855 1991 δίολκον
1895 1930 2125 1979 tantum
2166 1920 2341 1979 fuisse

1335 2006 1523 2065 videri
1551 2004 1746 2083 addit,
1804 2008 1907 2065 ubi
1934 2010 2193 2066 mmuleo
2234 2026 2341 2085 per

1335 2090 1621 2151 isthmum
1646 2094 1864 2151 tractae
1891 2092 2107 2152 fuerint
2142 2111 2340 2151 naves.

1337 2178 1471 2238 vid.
1502 2180 1741 2237 Annali.
1776 2180 2037 2259 Gotting.
2063 2182 2227 2245 1833
2250 2198 2342 2235 nr.

1343 2267 1466 2329 128
1483 2283 1621 2345 pag·
1638 2268 1825 2329 1266.
1870 2268 1961 2323 De
1988 2266 2113 2345 ipso
2138 2274 2341 2321 monte

1335 2361 1570 2431 praeter
1606 2352 1890 2411 Gatterer.
1930 2353 1995 2409 in
2034 2350 2344 2429 scriptione

1342 2434 1416 2495 de
1447 2434 1703 2495 Thracia
1730 2455 1867 2515 pag.
1897 2439 1981 2502 89
2008 2454 2172 2517 seqq.
2216 2434 2340 2511 (ed-

1341 2520 1848 2602 Sohliohtegroll.)
1880 2522 2035 2582 cons.
2050 2523 2341 2582 Mannert.

1339 2611 1561 2690 Geogr.
1607 2607 1665 2668 d.
1710 2610 1813 2668 Gr.
1853 2628 1916 2669 u.
1945 2611 2119 2666 Ro‘m.
2148 2608 2255 2664 Vn
2282 2627 2345 2686 p.

1340 2694 1462 2759 451
1480 2714 1605 2776 seq.
1620 2703 1679 2752 et
1692 2694 2059 2774 potissimum
2073 2689 2345 2751 Tzschu·

1339 2777 1452 2839 oke
1496 2783 1561 2839 in
1601 2790 1751 2841 nott.
1794 2789 2043 2860 exegett.
2087 2777 2161 2838 ad
2206 2777 2345 2856 Mei.

1337 2868 1412 2940 11,
1445 2872 1486 2934 2
1518 2869 1579 2941 ς.
1612 2871 1693 2934 10
1722 2885 1859 2947 pag.
1892 2863 2015 2930 142
2041 2883 2204 2946 seqq.
2238 2865 2345 2942 (T.

1339 2954 1446 3028 111,
1489 2949 1593 3032 2.)
1716 2955 1921 3028 Nune,
1968 2949 2128 3032 qnod
2166 2969 2345 3008 nemo

1338 3040 1463 3099 fere
1492 3039 1711 3114 nescit,
1748 3057 1917 3098 mons
1946 3037 2222 3116 singulari
2250 3055 2348 3093 re-

1339 3125 1561 3203 ligione
1616 3132 1981 3190 consecratus
2034 3122 2350 3202 mistisque

1343 3210 1596 3290 repletus
1623 3209 1983 3271 monasteriis
2010 3217 2251 3266 vocatur
2280 3199 2347 3268 ἅ-

1343 3317 1480 3376 γιον
1521 3289 1665 3376 ὅρος
1708 3315 1756 3354 s.
1802 3292 1994 3370 Monte
2052 3291 2230 3352 santo
2270 3293 2343 3352 ab

1343 3382 1536 3457 Italia
1600 3381 1704 3462 qui
1744 3380 1848 3438 ubi
1896 3377 2201 3438 altissimus
2244 3389 2347 3453 est,

1343 3468 1607 3548 quinque
1660 3465 1825 3524 mille
1886 3462 2133 3545 pedibus
2185 3481 2350 3522 mre

1342 3569 1613 3632 superare
1668 3549 1895 3610 dicitur.
1974 3551 2067 3608 De
2108 3551 2349 3632 antiquo

1341 3639 1560 3698 montis
1597 3639 1839 3696 nomine
1868 3637 2045 3695 etiam
2086 3633 2349 3697 disseruit

1343 3719 1695 3782 Tzsohucke
1738 3723 1781 3781 l.
1823 3723 1865 3780 l.
1904 3723 2039 3782 ooli.
2068 3721 2347 3804 Vinding.

1345 3807 1423 3868 ad
1467 3809 1683 3888 Geogr.
1722 3807 1911 3867 Minu.
1960 3809 2016 3865 11
2044 3827 2180 3890 pag.
2223 3811 2347 3872 386

1345 3896 1499 3956 Gaii.
1584 3897 1673 3954 Ao
1729 3897 1959 3975 plerum
1998 3914 2077 3952 ue
2130 3894 2351 3974 profer-

1342 3992 1442 4040 tur
1471 3977 1510 4044 ὁ
1527 3975 1771 4055 ”Αθως,
1812 3990 1881 4038 ut
1920 3999 1955 4038 a
2040 3977 2351 4058 Thucydi-

1346 4066 1489 4127 dem
1528 4067 1637 4139 IV,
1667 4070 1789 4132 109
1840 4066 2215 4126 observarunt
2242 4064 2350 4122 viri

1349 4152 1541 4228 docti3
1592 4154 1659 4212 in
1704 4150 2029 4212 accusativo
2072 4145 2251 4212 ’Ἄθω
2294 4157 2351 4204 et

1331 4234 1563 4300 Ἀθων
1602 4249 1747 4297 teste
1774 4233 2028 4298 Fischer.
2058 4232 2135 4293 ad
2172 4233 2351 4294 wel-

1351 4325 1458 4384 ler.
1488 4325 1517 4381 1
1545 4344 1607 4405 p.
1638 4325 1778 4388 378.
