2967 5150
249 662 348 693 eene
351 648 670 693 nnnnnnnnnn

747 438 880 501 42⁶

1337 436 2051 497 HERODOTI

651 613 746 665 ·2
761 626 856 669 τω
899 598 1396 687 στρατευεσθαι.
1471 592 1685 669 Ἦσαν
1743 599 1879 687 γὰρ
1922 603 2185 691 Δαρείῳ
2198 646 2219 682 ‚
2276 600 2391 670 καὶ
2432 602 2671 686 πρότε-

753 728 879 791 ρον
934 702 982 791 ἢ
1042 707 1462 791 βασιλεῦσαι,
1514 702 1859 791 γεγονότες
1920 712 2099 789 τρεῖς
2150 708 2381 781 παῖδες
2436 704 2514 771 ἐκ
2552 708 2672 791 τῆς

751 804 1076 893 προτέρης
1115 805 1470 892 γυναικὸς,
1514 804 1849 894 Γωβρύεω
1890 808 2263 893 θυγατρός·
2316 806 2431 875 καὶ
2472 810 2673 892 βασι·
2688 816 2753 871 25

710 920 744 974 3
761 909 1070 979 stationam
1086 959 1102 989 ,
1169 909 1234 990 ἐξ
1285 906 1597 996 Ἀτόσσης
1648 916 1767 996 τῆς
1806 891 2053 991 Ϊίύρσυ
2104 906 2317 992 ἕτεροι
2356 909 2675 1007 secema.

669 1220 1050 1299 expeditionem
1095 1228 1393 1302 msceptam
1452 1242 1493 1282 a
1542 1242 1669 1301 rege

669 1306 1033 1383 designandus
1055 1314 1176 1368 emt
1198 1352 1215 1385 ‚
1261 1313 1382 1387 qui,
1431 1312 1484 1369 si
1524 1310 1668 1391 quid

669 1394 779 1472 ipsi
789 1392 1127 1453 humanitus
1151 1394 1466 1471 accidisset,
1510 1398 1668 1457 inre-

667 1496 836 1555 gnum
864 1478 1179 1546 succederet.
1221 1482 1316 1539 Ex
1369 1481 1666 1541 Herodoto

669 1564 1006 1646 non'liquet,
1035 1568 1116 1625 sic
1138 1564 1505 1644 designatum
1531 1588 1669 1626 suc-

647 1666 986 1726 ·cessorem,
1029 1654 1078 1709 si
1115 1662 1278 1731 pater
1305 1672 1338 1709 e
1367 1652 1520 1711 bello
1548 1654 1667 1711 sal·-

671 1756 778 1793 vus
820 1734 1108 1812 rediisset,
1165 1757 1306 1797 cum
1359 1738 1460 1795 illo
1505 1740 1667 1796 velut

673 1822 957 1899 collegam
999 1840 1301 1901 regnasse,
1357 1820 1517 1903 quod
1556 1824 1666 1881 viti

671 1906 826 1965 docti
848 1917 1046 1965 tamen
1073 1908 1332 1967 statuisse
1357 1906 1663 1985 videntur3

667 1991 786 2053 vid.
825 1990 1145 2071 Spanhem.
1179 1992 1254 2051 ad
1292 1994 1499 2055 Iulian.
1530 2012 1663 2073 pag.

667 2080 795 2143 278
845 2080 1020 2161 seq.“
1084 2078 1426 2139 Valcken.
1496 2079 1665 2139 Idem

665 2164 932 2222 observat
981 2166 1406 2245 wesselingius
1421 2210 1438 2241 ,
1510 2163 1664 2227 hanc

666 2251 977 2307 Persarum
1017 2250 1211 2329 legem
1256 2252 1432 2310 solius
1474 2252 1666 2311 Hero-

671 2332 794 2393 doti
831 2336 1162 2394 testimonio
1199 2339 1495 2415 cognitam
1524 2356 1663 2415 esse,

665 2418 980 2501 prudenter
1020 2420 1262 2503 quidem
1300 2422 1477 2481 latam
1495 2466 1511 2499 ,
1568 2442 1665 2499 ne,

667 2524 808 2586 rege
853 2526 1100 2588 peregre
1153 2506 1282 2567 fatis
1311 2508 1514 2567 functo
1530 2554 1547 2586 ,
1592 2508 1668 2568 de

667 2595 1054 2671 successione,
1145 2593 1362 2653 damno
1429 2597 1665 2672 civium,

664 2681 792 2737 iure
879 2689 982 2738 aut
1082 2679 1234 2738 ferro
1318 2679 1671 2761 disceptare-

665 2775 780 2823 tur.
891 2763 1074 2824 Addit
1141 2765 1539 2846 Eurystheum
1600 2769 1666 2825 iu

665 2848 996 2909 Heraclidas
1015 2851 1416 2930 profecturum
1431 2850 1665 2960 Μυκή-

665 2957 778 3007 νας
832 2955 896 2998 τε
939 2935 1046 2998 καὶ
1083 2957 1198 3016 την
1245 2931 1442 3016 ἅρχην
1470 2933 1663 3000 κατα

665 3016 744 3083 τό
818 3021 1141 3084 οἰκεῖον
1179 3021 1361 3081 Atreo
1407 3026 1666 3082 commi·-

663 3107 798 3165 sisse
825 3117 968 3166 teste
995 3104 1350 3188 Thucydide
1377 3111 1424 3184 1,
1450 3113 1513 3174 9.
1568 3111 1667 3169 Ex

665 3190 948 3252 Herodoti
1003 3203 1201 3252 autem
1257 3195 1388 3254 loco
1427 3206 1667 3275 apparet

663 3279 856 3336 minus
871 3287 1026 3338 recte
1053 3298 1090 3337 a
1110 3279 1328 3340 Iustino
1356 3281 1435 3356 X,
1465 3285 1495 3342 1
1516 3279 1666 3340 tradi

663 3362 740 3421 de
783 3365 989 3440 Dario,
1054 3366 1157 3447 qui
1217 3366 1290 3424 ab
1341 3367 1665 3426 Artaxerxe

663 3459 826 3528 patre
856 3452 918 3508 in
945 3452 1112 3529 regui
1123 3453 1456 3510 societatem
1473 3450 1663 3510 adsci-

663 3545 756 3592 tus
783 3533 984 3612 fuerit,
1025 3545 1227 3594 contra
1253 3555 1482 3596 morem
1519 3539 1660 3596 Per-

662 3637 892 3697 sarum,
967 3620 1124 3700 apud
1181 3641 1326 3703 quos
1379 3643 1484 3682 rex
1538 3643 1661 3682 non

663 3707 774 3762 nisi
827 3717 1018 3764 morte
1094 3717 1371 3766 mutatur.
1504 3709 1657 3768 Satis

660 3809 799 3850 vero
851 3789 1132 3851 habemus
1175 3795 1512 3872 cognitum,
1555 3813 1661 3875 per

661 3877 896 3936 orientis
924 3895 1106 3958 regna
1133 3887 1201 3936 ut
1223 3879 1364 3937 olim
1393 3881 1472 3938 ita
1500 3899 1660 3941 nuno

661 3981 896 4044 quoque
951 3965 1320 4023 successionis
1375 3967 1505 4024 iura
1559 3968 1665 4024 vix

664 4049 984 4108 accuratius
1039 4061 1215 4131 atque
1271 4053 1480 4109 certius
1538 4071 1661 4111 esse

661 4138 968 4194 constituta
993 4133 1268 4218 indeque,
1299 4154 1436 4216 rege
1465 4137 1659 4219 aliquo

661 4232 916 4297 mortuo,
933 4221 1280 4304 plerumque
1309 4225 1660 4282 exorifitur-

657 4306 780 4383 bas,
809 4305 1136 4385 seditiones,
1167 4309 1312 4390 quin
1329 4309 1480 4368 bella
1500 4319 1659 4368 atro-

655 4393 778 4470 cia3
841 4395 906 4452 in
947 4395 1157 4478 quibus
1185 4395 1466 4458 ,omnibus
1496 4391 1655 4454 haud

1748 1240 1957 1301 parvas
1986 1238 2107 1281 esse
2136 1220 2553 1281 eunuchorum
2568 1232 2754 1300 partes

1748 1309 2007 1388 itemque
2020 1328 2270 1367 uxorum
2292 1312 2447 1388 regis
2476 1307 2753 1383 defuncti,

1750 1404 1851 1451 aut
1890 1396 2087 1471 regiae
2116 1396 2311 1453 matris
2328 1439 2347 1469 ,
2404 1412 2565 1475 quae
2592 1395 2659 1451 in
2682 1394 2751 1449 fi-

1749 1480 1897 1539 lium
1924 1499 2201 1557 magnam
2223 1484 2633 1539 auctoritatem
2650 1498 2751 1535 ex-

1752 1584 1943 1622 ercere
1972 1566 2176 1639 soleat,
2206 1566 2302 1622 vel
2315 1568 2633 1623 Persarum
2660 1560 2750 1622 hi-

1746 1652 1921 1709 storia
1950 1652 2084 1709 satis
2126 1648 2315 1709 docet.
2402 1652 2549 1723 Quis
2574 1652 2747 1723 enim,

1746 1746 1815 1793 ut
1845 1733 1918 1794 de
1944 1736 2151 1795 Atossa
2176 1747 2404 1795 taceam
2426 1782 2443 1811 ,
2488 1754 2613 1795 non
2642 1756 2748 1793 no·

1746 1822 1831 1882 vit
1856 1822 2196 1900 Parysatin,
2227 1822 2541 1897 Amistrin,
2572 1814 2749 1879 alias?

1748 1907 1919 1965 Confi
1964 1907 2443 1967 Heereu.1deen
2488 1918 2603 1965 etc.
2632 1909 2678 1979 1,
2710 1910 2743 1969 1

1746 2012 1827 2099 Ρ.
1838 1990 1981 2056 469.
1993 2024 2080 2037 -—·-
2108 1992 2203 2051 Ad
2233 2012 2405 2052 usum
2434 1994 2748 2073 particulae

1748 2071 1907 2139 οὕτω
1938 2078 2191 2153 faciunt,
2234 2098 2388 2160 quae
2428 2078 2507 2137 ad
2548 2080 2748 2151 1,196

1746 2164 2065 2223 attulimus.
2148 2163 2305 2226 Add.
2320 2166 2425 2241 ΙΙΙ,
2462 2166 2609 2231 109.
2626 2164 2747 2239 VII,

1822 2326 2011 2397 Ἦσαν
2042 2329 2161 2416 γὰρ
2192 2334 2435 2417 Δαρείῳ
2468 2330 2577 2395 καὶ
2602 2326 2751 2413 πρό·

1746 2440 1923 2500 τερον
1978 2415 2023 2499 ἢ
2076 2422 2428 2500 βασιλεῦσαι
2467 2444 2529 2481 κ.
2572 2440 2625 2481 τ.
2670 2420 2747 2495 L]

1748 2496 1908 2586 ἦσαν
1936 2526 2075 2564 cum
2102 2506 2282 2566 Gaisf.
2312 2504 2449 2564 dedi
2476 2524 2587 2586 pro
2606 2503 2747 2567 ἔσαν

1750 2603 1811 2650 et
1836 2590 1951 2650 hoc
1980 2593 2109 2652 loco
2128 2602 2187 2652 et
2214 2594 2451 2674 rehquis
2476 2589 2650 2650 huius
2675 2593 2746 2648 li-

1748 2679 1855 2753 bri,
1885 2679 1988 2736 ubi
2015 2677 2159 2737 illud
2188 2680 2450 2738 obvium.
2508 2679 2601 2736 De
2626 2679 2745 2734 Da-

1751 2765 1823 2821 rii
1848 2763 1977 2822 filiis
2020 2763 2143 2822 dixi
2170 2762 2245 2822 ad
2270 2766 2372 2837 111,
2403 2767 2509 2838 88,
2540 2763 2645 2820 ubi
2658 2773 2745 2820 et·-

1744 2849 1868 2906 iam
1926 2847 2000 2907 de
2048 2851 2275 2926 Atosaa,
2334 2849 2469 2908 coll.
2510 2851 2613 2924 111,
2646 2851 2745 2912 68.

1748 2935 1911 3006 Quae
1954 2935 2092 3014 Cyri
2143 2935 2261 2994 filia
2296 2935 2599 3014 cambysis
2640 2933 2744 2990 fuit

1746 3039 1899 3079 uxor
1952 3037 2021 3079 ac
2078 3018 2214 3078 dein
2262 3019 2527 3080 Smer-dis
2589 3019 2745 3096 Magi

1744 3107 2008 3188 itemque
2046 3108 2206 3164 Darii
2223 3151 2239 3181 ,
2280 3105 2441 3185 apud
2482 3124 2661 3188 quem
2688 3114 2745 3162 et

1744 3192 1937 3272 ipsum
1992 3193 2251 3250 multum
2304 3193 2521 3266 valuit,
2604 3201 2745 3249 teste

1748 3276 1958 3336 eodem
1984 3276 2282 3337 Herodoto
2310 3279 2414 3352 ΠΙ,
2436 3281 2582 3342 188.
2608 3273 2741 3340 134.

1742 3365 1801 3420 A
1826 3365 2027 3422 Xerxe
2068 3363 2187 3422 filio
2214 3364 2435 3422 furioso
2456 3359 2742 3421 trucidata

1742 3449 1927 3508 fertur
1963 3449 2037 3508 ab
2066 3451 2307 3528 Aspasio
2336 3447 2411 3507 ad
2452 3447 2743 3508 Aristotel.

1738 3533 1931 3594 Ethic.
1974 3553 2036 3614 Ρ.
2078 3534 2221 3598 124.
2302 3533 2401 3594 Ad
2429 3553 2743 3613 argumen-

1739 3631 1871 3679 tum
1897 3621 2012 3679 loci
2030 3617 2345 3680 Herodotei
2358 3620 2584 3678 faciunt
2600 3619 2738 3678 Plu-

1740 3703 1973 3765 tarchus
2010 3707 2068 3764 11
2106 3725 2168 3786 p.
2214 3705 2338 3770 488
2378 3707 2435 3764 D
2478 3717 2539 3764 et
2578 3704 2739 3763 Iusti-

1739 3809 1851 3850 nus
1879 3793 1953 3866 11,
1988 3795 2087 3865 10,
2132 3792 2234 3873 qui
2274 3789 2431 3850 hanc
2456 3793 2624 3849 litem
2648 3793 2738 3848 iu-

1741 3887 1833 3936 ter
1870 3877 2034 3934 Darii
2078 3875 2225 3936 filios
2240 3920 2257 3948 ‚
2310 3895 2493 3958 quam
2531 3877 2737 3935 xerxis

1742 3965 1805 4021 ln
1860 3963 2109 4042 gratiam
2160 3973 2325 4042 pater
2384 3961 2735 4034 diiudicavit,

1742 4059 1873 4130 post
1896 4048 2074 4126 ipsius
2100 4049 2275 4127 patris
2305 4049 2533 4107 obitum
2574 4067 2609 4105 a
2634 4065 2738 4126 pa-

1742 4143 1874 4194 truo
1916 4134 2079 4192 velut
2118 4135 2331 4192 arbitro
2360 4135 2737 4214 compositam

1744 4239 1865 4280 esse
1891 4217 2145 4294 tradunt,
2178 4221 2340 4295 alios,
2356 4231 2425 4278 ut
2466 4217 2735 4280 credibile

1742 4315 1844 4380 est,
1905 4315 2166 4364 auctores
2218 4307 2421 4364 secuti.
2520 4305 2733 4376 Quibus

1740 4390 1898 4452 addit
1926 4389 2203 4450 Valcken.
2236 4391 2447 4452 Iulian.
2493 4391 2591 4451 Or.
2616 4391 2651 4448 1
2672 4407 2731 4470 Ρ.
