2967 5150
785 406 1511 471 POLYMNIA.
1597 410 1751 470 VII.

292 530 545 657 χρόνον
600 572 845 639 τοῦτον
911 572 1245 641 Φοινίκων
1286 572 1400 643 καὶ
1460 569 1735 661 Λιβύων
1785 574 1900 642 καὶ
1929 568 2208 663 Ἰβήρων
2290 586 2416 653 532
2476 612 2498 623 -

292 672 407 743 καὶ
434 669 707 757 Λιγύων
736 673 848 741 καὶ
882 670 1245 743 Ἐλισύκων
1282 674 1396 743 καὶ
1434 676 1838 759 Σαρδονίων
1861 676 1974 743 καὶ
2017 680 2198 762 Κυρ-

290 776 459 845 νίων
528 772 883 861 τριήκοντα
950 774 1319 861 μυριάδας,
1370 777 1488 847 καὶ
1544 775 1914 867 στρατηγὸν
1973 773 2198 847 αὐτῶν
2211 786 2281 842 35

302 1018 607 1079 Φοινίκων
678 1016 783 1079 καὶ
848 1013 1201 1099 Λιβύων-

209 1100 539 1183 τριήκοντα
570 1098 897 1183 μυριάδας]
930 1102 1205 1165 Eundem

207 1208 521 1249 numerum
550 1188 983 1249 traditDiodor.
1012 1192 1118 1267 xl,
1167 1192 1198 1253 1

208 1274 313 1332 fin.
340 1277 443 1337 20.
529 1268 716 1345 Quem
760 1295 863 1353 pro
902 1274 1207 1357 Carthagi-

206 1360 501 1417 niensium
577 1360 871 1439 republica
951 1363 1203 1437 nimiunn

204 1442 495 1525 valdeque
551 1455 967 1523 exaggeratum
1017 1446 1201 1505 videri

207 1531 473 1589 observat
500 1528 851 1591 Dahlmann.
902 1532 965 1588 in
1007 1533 1200 1589 Hero-

207 1614 331 1677 dot.
360 1618 579 1694 p.188.
622 1614 913 1696 Equidem
940 1635 1061 1674 non
1080 1615 1200 1675 dis-

204 1720 480 1773 cernam3
539 1700 686 1758 illud
728 1721 915 1759 unum
979 1700 1198 1761 attendi

203 1788 405 1861 velim,
434 1788 663 1847 Poenos
694 1806 930 1847 omnem
960 1806 1199 1866 operam

201 1873 269 1933 in
296 1870 411 1931 hoc
435 1882 711 1951 apparatu
729 1874 982 1952 posuisse
996 1872 1200 1949 videri,

201 1959 679 2039 qquraecorum
694 1977 781 2017 res
791 1960 1017 2039 penitus
1035 1978 1203 2017 ever·

201 2053 414 2117 terent,
444 2040 698 2125 indeque
728 2046 903 2103 etiam
932 2065 965 2101 e
986 2055 1070 2102 tot
1090 2064 1202 2101 na-

200 2130 460 2189 tionibus
486 2130 753 2209 =imperio
807 2150 912 2189 suo
960 2127 1201 2189 subditis

202 2216 531 2273 exercitum
558 2216 974 2295 conscripsisse.
1040 2216 1200 2273 Poe-

198 2320 420 2359 norum
446 2310 645 2359 autem
673 2303 956 2361 exercitus
987 2320 1021 2357 e
1040 2300 1200 2357 mul-

198 2388 279 2447 tis
322 2386 589 2465 gentibus
630 2384 899 2445 mercede
938 2386 1199 2465 plerum·-

203 2492 325 2553 que
372 2475 583 2533 coactis
626 2474 941 2531 constitisse
972 2468 1198 2531 dudum

199 2560 355 2618 bene
367 2560 593 2620 monuit
607 2560 855 2618 Heeren.
882 2555 1061 2616 Ideen
1084 2568 1191 2620 eto.

197 2647 279 2718 n,
328 2649 355 2708 1
390 2665 448 2724 p.
494 2649 621 2708 260
662 2665 825 2726 seqq.
908 2647 1037 2702 Hoc
1064 2644 1197 2704 loco

196 2731 459 2811 primum
498 2741 869 2790 recensentur
896 2727 1198 2801 ξΦοίνικες

198 2819 245 2874 i.
277 2835 330 2876 e.
360 2817 469 2894 ipsi
512 2815 684 2875 Poeni
706 2837 752 2875 s.
770 2813 1196 2891 Carthaginien-

198 2898 469 2981 sedatque
476 2899 697 2980 Libyes,
726 2922 875 2983 quae
886 2911 1023 2960 sunt
1038 2902 1196 2960 Poe-

197 2987 297 3046 nis
350 2984 610 3044 subditae
657 2998 855 3064 gentes
892 2989 954 3046 in
995 2987 1193 3046 Africa

200 3091 253 3130 s.
288 3069 617 3148 indigenae,
645 3081 785 3130 teste
802 3071 1011 3130 eodem
1040 3073 1191 3130 Hee-

204 3155 439 3218 reniol.
466 3155 509 3212 1.
549 3176 609 3233 Ρ.
652 3159 803 3230 2613
872 3167 1192 3238 sequuntur

203 3237 358 3302 Iben'
378 3259 426 3297 s.
456 3239 715 3316 Hispani,
745 3241 845 3320 qui
872 3242 1193 3300 maximam

195 3336 429 3408 partem
472 3324 685 3382 Poenis
732 3323 945 3382 subditi
983 3326 1045 3382 in
1086 3345 1192 3384 eo·-

196 3433 333 3471 rum
376 3409 725 3470 exercitibus
751 3411 1071 3470 militabant
1100 3420 1192 3469 at-

198 3518 315 3580 que
373 3515 482 3576 pro
540 3496 771 3574 optimis
828 3493 1189 3554 habebantur

194 3584 511 3642 militibus·
493 3625 511 3658 ,
557 3579 751 3652 Galli,
783 3601 927 3662 quos
959 3591 1014 3639 et
1041 3582 1192 3662 ipsos

198 3668 547 3749 aliquoties·
529 3687 591 3724 m
608 3669 943 3726 Poenorum
971 3669 1200 3726 exerci-

196 3755 352 3814 tibus
366 3753 680 3832 appellatos
694 3751 1193 3834 videmus,quam-

194 3841 289 3899 vis
346 3840 615 3919 nuspiam
662 3837 937 3914 addatur,
982 3859 1015 3896 e
1044 3857 1193 3920 qua-

194 3945 340 3984 nam
368 3925 589 3983 Galliae
630 3935 793 4006 parte
832 3925 921 3984 illi
963 3923 1194 3984 oriundi

194 4011 431 4070 fuerint.
514 4008 614 4068 Ad
648 4012 866 4072 Galliae
884 4071 889 4082 ,
908 4007 1189 4070 meridio-

194 4096 347 4155 nalis
376 4113 559 4172 oram,
588 4095 691 4154 ubi
702 4098 1039 4158 Poenorum
1059 4115 1190 4154 em·-

194 4182 393 4263 pot-ia,
444 4201 544 4240 eos
582 4183 869 4285 pertinere
916 4180 1187 4241 credam·
1169 4223 1189 4258 ,

192 4283 321 4348 quo
348 4264 559 4326 eodem
572 4308 590 4342 ,
618 4268 859 4347 opinor,
900 4267 1193 4348 pertinent

194 4351 447 4432 Ltgyu,
534 4371 709 4433 supra
764 4353 1077 4415 Massiliam
1126 4353 1190 4414 iu

1286 1020 1471 1101 plagis
1509 1020 1874 1079 interioribus
1923 1020 1996 1077 ab
2041 1036 2142 1077 ora
2182 1038 2279 1075 re-

1286 1108 1458 1165 motis
1490 1103 1836 1183 habitantes,
1857 1116 1924 1164 ut
1949 1106 2278 1163 notavimus

1286 1188 1361 1251 ad
1390 1190 1610 1253 Herod.
1641 1193 1710 1267 V,
1743 1196 1806 1257 9.
1891 1193 1993 1249 His
2013 1191 2281 1269 proxime

1287 1288 1822 1337 commemorantur
1845 1272 2156 1337 ‘Ellovxos
2173 1318 2190 1351 ,
2221 1286 2279 1333 et

1287 1363 1392 1441 ipsi
1408 1364 1618 1443 Ligyes
1649 1372 1790 1421 teste
1819 1362 2104 1420 Hecataeo
2123 1359 2279 1441 apud

1283 1444 1488 1525 steph.
1507 1444 1663 1529 Byz.
1684 1468 1731 1506 s.
1751 1467 1808 1507 v.
1824 1446 1884 1505 iu
1903 1448 2108 1527 quibus
2131 1444 2276 1504 Hel-

1279 1536 1488 1591 viorum
1533 1544 1592 1591 et
1635 1532 1997 1591 Helvetiorum
2035 1532 2277 1590 nomina

1280 1619 1518 1697 agnosci
1545 1620 1669 1677 vult
1695 1616 2150 1695 Wesselingius,
2181 1617 2276 1675 cui

1281 1702 1505 1761 accedit
1531 1704 1716 1766 Marx.
1747 1701 1823 1760 ad
1865 1699 2085 1783 Ephor.
2113 1700 2277 1779 frag-

1281 1798 1489 1850 mentt.
1523 1810 1586 1869 Ρ.
1623 1790 1742 1852 221
1789 1798 1914 1847 not.
1961 1791 2059 1850 12.
2120 1786 2274 1858 Quia

1285 1876 1469 1935 Kruse
1497 1871 1762 1953 (Archiv.
1801 1875 1850 1947 1,
1886 1876 1928 1935 2
1955 1892 2014 1951 Ρ.
2043 1872 2156 1949 61)
2199 1868 2276 1931 de

1280 1958 1519 2039 Elysiis,
1529 1961 1630 2041 qui
1651 1968 1794 2019 teste
1822 1958 2062 2018 Tacito·
2046 1976 2105 2015 m
2125 1958 2276 2017 Ger·-

1278 2064 1437 2105 man.
1468 2042 1550 2109 48
1581 2047 1694 2116 §.6
1725 2042 1799 2101 ad
1825 2044 2145 2123 Lygiorum
2161 2062 2276 2101 no·-

1281 2150 1419 2189 men
1434 2131 1740 2208 pertinent,
1758 2130 1988 2205 cogitat,
2004 2130 2084 2186 ita
2096 2138 2160 2186 ut
2197 2146 2274 2185 ex

1280 2214 1673 2275 meridionalis
1691 2214 1909 2273 Galliae
1923 2224 2096 2293 atque
2108 2212 2274 2270 Itali-

1283 2321 1353 2359 ae
1382 2302 1494 2360 oris
1521 2298 1666 2359 haec
1682 2319 1822 2378 gens
1840 2299 2048 2357 olimin
2071 2298 2273 2357 Silesi-

1281 2406 1350 2445 ae
1384 2406 1451 2445 ac
1468 2387 1734 2445 Lusatiae
1749 2394 1957 2443 tractus
1969 2385 2272 2461 immigra-

1278 2475 1369 2531 rit.
1392 2474 1792 2533 memorantur
1807 2480 2036 2529 tantum
2061 2470 2270 2528 milites

1279 2578 1354 2618 ex
1379 2558 1564 2618 insula
1583 2556 1850 2620 Sardinia
1865 2565 2034 2637 atque
2053 2552 2272 2614 Corsico

1278 2662 1326 2703 s.
1374 2640 1586 2722 Cyrno,
1649 2639 1726 2700 ad
1769 2641 1931 2700 cuius
1973 2642 2268 2720 utriusque

1280 2747 1445 2788 oram
1500 2731 1729 2788 Poenos
1767 2723 2090 2786 consedisse
2130 2743 2268 2782 con-

1276 2825 1407 2876 stat.
1521 2814 1691 2873 conf.
1748 2809 2060 2874 Bottioher.
2117 2811 2264 2872 Hist.

1278 2897 1590 2980 Carthagg.
1617 2915 1748 2980 pag.
1783 2896 1884 2961 35.
1917 2901 2020 2962 36.
2063 2894 2266 2954 Sardi-

1274 2987 1435 3045 niam
1462 2987 1668 3044 Noster
1705 2992 1992 3042 memorat
2027 2983 2077 3057 1,
2123 2984 2262 3045 170.

1271 3071 1343 3145 V,
1380 3067 2006 3144 106.124‚com·cam
2034 3087 2081 3128 s.
2121 3065 2262 3146 Gyr-

1270 3175 1397 3216 mtm
1424 3157 1471 3230 Ι,
1507 3155 1649 3219 165.

1358 3202 1471 3302 aa),
1521 3233 1851 3344 arcemn-ov
1907 3255 2112 3298 αυτων
2151 3224 2260 3294 ’Λ-

1273 3325 1492 3406 μίλκαν
1518 3319 1627 3386 τὸν
1640 3319 1992 3398 Ἄννωνος]
2039 3317 2259 3380 Hamil-

1272 3430 1445 3472 conem
1512 3419 1684 3470 vocat
1735 3405 1971 3468 Diodor.
2029 3405 2262 3466 Siculus

1274 3499 1380 3572 xl,
1409 3500 1493 3561 20
1546 3517 1656 3560 τον
1685 3487 1942 3595 μάλιστα
1980 3512 2102 3569 παρ
2104 3483 2260 3552 ἀὗ-

1273 3587 1404 3655 τοῖς
1430 3581 1928 3686 θαυμαζομενονς
1970 3577 2072 3636 ubi
2125 3584 2262 3636 suu-t

1276 3669 1378 3749 qui
1432 3659 1780 3744 Ἀμίλκωνα
1827 3665 1891 3724 in
1964 3655 2260 3740 Ἀμίλκαν
2339 3669 2345 3684 '

1272 3753 1488 3814 mutari
1527 3752 1726 3812 velint.
1820 3745 2260 3812 vid.wesse1.

1274 3837 1353 3898 ad
1380 3835 1441 3896 h.
1469 3837 1510 3896 l.
1569 3838 1786 3898 Iustino
1813 3835 1979 3910 XIX,
2007 3837 2052 3899 2
2082 3851 2260 3894 voca-

1272 3921 1743 3998 tuermlcor,
1803 3921 1961 3980 libris
2007 3919 2260 3977 multum

1314 4009 1538 4069 uamvis
1565 4007 1992 4070 fluctuantibus.
2070 4007 2261 4062 Hero·-

1272 4030 1441 4154 dotus
1460 4091 1672 4156 eumh.
1693 4095 1734 4152 l.
1765 4091 2014 4194 appellat
2043 4089 2260 4168 βασι-

1268 4179 1407 4244 λέα
1436 4177 1532 4256 (ut
1559 4179 1822 4259 rescripsi
1834 4195 1939 4257 pro
1969 4171 2258 4276 βασιλῆα)

1272 4275 1335 4326 et
1378 4265 1508 4340 vn,
1540 4268 1696 4330 166·
1745 4253 2260 4343 βασιλενσαν·

1272 4344 1365 4414 τά
1394 4343 1600 4413 ssm'
1627 4342 2050 4430 ἀνδραγαθίην
2095 4348 2260 4426 Καρ-
