2967 5150
554 450 690 507 An
776 447 1490 509 nnnonorum
1561 448 1646 525 v,
1717 453 1823 515 66.
2173 454 2303 519 wo

70 617 351 678 usitatum·
378 638 499 679 esse
524 610 633 696 *)3
677 616 837 677 unde
862 620 1031 698 plura
1069 616 1377 697 perhibent
1416 617 1660 676 nomine
1688 616 1880 694 ducta,
1925 638 1983 677 v.
2013 640 2068 679 c.
2097 616 2302 682 Γέλων

64 722 160 778 ille
188 722 600 802 Syracusarum
623 740 761 795 rex,
800 722 1025 803 ipsique
1062 718 1129 778 hi
1156 716 1473 791 Γελῦοντες
1511 722 1575 777 in
1618 722 1848 779 civitate
1873 721 2084 796 Attica,
2128 723 2298 797 Teia,

66 824 345 905 Cyzicena
358 842 378 882 τ
418 822 714 903 splendidi,
756 822 993 882 illustres
1030 820 1287 903 indeque
1307 822 1520 897 nobiles,
1549 828 1825 901 optimates
1849 822 2147 907 iidemque
2173 824 2298 883 {ere
2379 844 2398 863 0

64 934 232 1007 atque
272 925 337 989 οἶ
370 920 753 1007 Εὖπατρίδαι
778 946 826 983 s.
856 924 922 987 ot
946 921 1209 1005 λαμπροὶ
1228 967 1247 1000 ,
1335 925 1425 984 die
1461 924 1845 1002 Glit'menden,
1904 927 1990 987 die
2064 926 2296 986 Vornelt-

60 1046 191 1087 men.
270 1032 341 1087 In
386 1030 593 1111 quibus
641 1048 801 1086 nunc
821 1046 982 1105 „cum
1010 1026 1297 1085 ereuzero
1322 1026 1387 1084 in
1416 1025 1686 1107 Symbol.
1712 1030 1797 1087 111
1823 1050 1885 1108 p.
1922 1026 2004 1093 68
2056 1030 2295 1109 acquie-

60 1150 212 1189 scere
235 1132 441 1211 placet,
485 1150 633 1213 quae
664 1131 821 1189 enim
849 1131 961 1187 alia
988 1129 1063 1187 ab
1100 1130 1221 1187 aliis
1248 1126 1550 1209 hucusque
1576 1132 1799 1208 prolata
1818 1139 1980 1205 sunt,
2011 1150 2082 1187 ea
2121 1130 2295 1190 valde

61 1231 371 1313 displicent.
452 1236 575 1292 Nec
618 1231 943 1314 quidquam
968 1250 1108 1289 sane
1140 1228 1415 1310 impedit,
1459 1252 1577 1312 quo
1611 1235 1836 1309 minus,
1897 1234 1998 1315 qui
2035 1234 2294 1312 primum

58 1337 359 1417 antiquitus
385 1336 450 1394 in
478 1336 707 1393 civitate
736 1335 935 1392 locum
973 1334 1275 1391 obtinuere
1302 1334 1412 1392 viri
1439 1336 1800 1395 illustrissimi
1845 1356 1912 1395 ac
1934 1338 2292 1415 nobilissimi,

56 1436 227 1495 iidem
269 1456 509 1521 quoque
544 1455 653 1515 pro
680 1434 1069 1496 sacerdotibus
1098 1434 1534 1516 quodammodo
1576 1434 1900 1497 habeantur
1939 1451 2294 1523 gentemque

54 1540 225 1599 ferme
264 1540 619 1600 constituant
644 1536 1103 1613 ·sacerdotalem3
1149 1542 1365 1621 quippe
1406 1559 1702 1599 sacrorum
1730 1560 1866 1599 cura
1893 1542 2032 1619 illis,
2074 1553 2141 1602 ut
2167 1562 2296 1601 mos

52 1642 193 1701 illius
230 1642 513 1721 temporis
566 1642 819 1717 ferebat,
860 1641 1137 1721 permissa
1170 1662 1311 1723 prae
1349 1644 1584 1724 reliquis
1633 1644 1872 1705 civibus.
1957 1646 2163 1727 Itaque
2203 1664 2300 1704 sa-

54 1742 303 1804 cerdotes
334 1764 415 1803 ex
442 1742 555 1803 hoc
582 1746 840 1805 tribuum
866 1744 1058 1803 indice
1092 1765 1198 1804 cur
1236 1746 1520 1825 relegatos
1549 1746 1691 1804 velit
1715 1746 1780 1807 C.
1811 1748 1882 1805 F.
1909 1749 2301 1822 Hel-mannus,

46 1846 103 1903 id
130 1847 403 1929 equidem
428 1848 630 1906 miror.
712 1846 843 1906 vid.
870 1845 1183 1907 Lehrbuch
1212 1846 1271 1908 d.
1301 1845 1536 1907 Griech.
1564 1842 1980 1909 Staatsaltertb.
2017 1852 2074 1922 §.
2105 1847 2281 1930 94-p.

48 1956 183 2027 177,
228 1953 331 2011 ubi
372 1952 577 2010 utilem
621 1970 825 2009 eorum
854 1949 1119 2011 exhibuit
1144 1963 1523 2033 conspectum
1541 1997 1558 2028 ,
1611 1970 1760 2033 quae
1791 1950 1864 2011 de
1893 1950 1982 2011 his
2019 1953 2280 2012 tribubus

42 2054 235 2113 Atticis
263 2074 331 2113 ac
359 2054 653 2133 sigillatim
694 2051 769 2111 de
798 2054 1173 2113 Geleontibus
1202 2073 1236 2112 a
1262 2056 1397 2114 viris
1427 2052 1608 2113 doctis
1649 2056 1712 2113 in
1742 2053 2027 2114 diversam
2055 2066 2281 2135 partem

44 2152 321 2234 disputata
358 2168 513 2216 sunt.
600 2155 876 2215 Geleontes
916 2158 1015 2214 ille
1064 2155 1299 2215 eosdem
1346 2154 1523 2215 habet
1548 2202 1566 2233 ‚
1631 2178 1778 2239 quos
1847 2158 2056 2217 Strabo
2114 2167 2284 2218 vocat

39 2254 361 2340 γεωργοιῖς,
421 2256 729 2335 agricolas,
798 2260 1033 2339 opinor,
1092 2257 1462 2331 Aclcersleute3
1527 2251 1832 2341 Ἐργάδεις
1876 2262 2280 2341 interpretatur

36 2358 466 2437 Handarbet'ter,
512 2363 886 2419 mercenarium
925 2382 1058 2440 opus
1096 2360 1395 2439 faciente-³3
1465 2364 1530 2419 in
1575 2382 1692 2443 quo
1734 2382 1854 2420 non
1901 2362 2275 2441 intercedam,

36 2462 207 2523 modo
221 2466 533 2524 Geleontes
560 2464 683 2523 sive
701 2458 1002 2544 γεωργοΰς
1024 2464 1373 2523 intellexeris
1402 2464 1554 2524 cives
1583 2466 2000 2545 locupletiores,
2027 2468 2128 2547 qui
2137 2467 2278 2528 fun-

35 2561 133 2626 dos
160 2566 512 2648 possideant,
541 2568 605 2625 in
633 2567 843 2650 quibus
878 2567 979 2650 qui
1006 2564 1279 2626 mercede
1321 2566 1596 2630 conducti
1620 2588 1769 2649 opus
1793 2569 2029 2650 faciant,
2073 2568 2276 2631 dican-

34 2677 123 2726 tur
145 2663 491 2754 Ἐργάδεις.

95 2953 151 3020 *)
192 2955 349 3010 conf.
378 2955 634 3012 Eantatb.
661 2955 733 3012 nd
758 2955 1052 3028 Homer-p.
1081 2955 1203 3024 159,
1228 2955 1299 3012 26
1318 2970 1365 3009 ι.
1398 2954 1520 3022 120,
1545 2955 1632 3010 81.
