2967 5150
618 376 1544 503 animaene-rum
1613 444 1739 518 νε,
1798 446 1913 511 69.
2257 448 2388 516 m

138 608 473 669 eonomine
496 611 699 673 lusisse
726 608 971 693 putandi
997 620 1161 670 sunt:
1204 630 1431 691 nrum,
1462 624 1528 673 nt
1547 612 1613 675 fit
1639 614 1700 671 in
1729 612 2100 692 religionibus
2113 617 2381 699 antiquis,

137 722 365 773 veteres
391 710 659 774 homines
688 715 763 773 ab
780 716 947 774 initio
988 724 1161 795 atque
1188 714 1473 776 universe.
1558 717 1710 775 Nam
1753 732 1901 798 quae
1945 717 2226 798 scriptura
2268 738 2382 779 no-

134 816 313 875 minis
354 816 415 874 in
456 818 677 899 aliquot
702 815 993 877 codicibus
1032 826 1219 875 exstat
1253 811 1428 900 Ἀστρ
1448 840 1483 881 ο
1500 810 1700 898 βᾶκου
1727 826 1786 876 et
1811 810 2258 899 Ἀστρόβακος,
2311 840 2380 881 ea

134 924 491 981 mmm
528 917 801 979 declarat.
883 916 1097 979 Suidas
1134 918 1265 979 vol.
1304 920 1337 975 1
1374 939 1433 999 p.
1476 924 1604 987 860
1649 922 1814 979 Kust.
1843 922 2060 979 Zonar-
2089 922 2238 983 Lex.
2271 924 2374 986 Gr.

130 1038 271 1101 pag.
300 1024 423 1085 318
441 1038 462 1081 ε
543 1015 952 1103 Ἀστρόβακος
986 1018 1019 1085 ὁ
1044 1012 1431 1103 ἆστρόνομος.
1519 1023 1712 1093 Qualis
1740 1040 1878 1083 vero
1906 1019 2110 1080 hocin
2137 1026 2378 1085 nomino

132 1124 485 1183 astronomia
511 1125 751 1205 cogitari
778 1124 1023 1201 debeat,
1064 1140 1187 1183 nou
1214 1132 1304 1186 ost
1327 1122 1483 1205 quod
1515 1142 1754 1204 operose
1785 1122 2046 1200 doceam,
2079 1134 2135 1184 et
2162 1124 2373 1187 Suidas

130 1226 413 1285 continuo
438 1224 608 1287 docet
648 1230 711 1285 in
738 1248 867 1289 voc.
898 1219 1301 1307 ἀστρονομία,
1344 1227 1445 1284 ubi
1486 1219 1880 1308 ἀστρολογίας
1891 1225 2140 1307 μαγείας
2165 1226 2376 1305 Mago-

129 1348 351 1407 nemque
374 1349 443 1389 ac
462 1332 773 1389 Persarum
814 1329 1087 1407 (Magog)
1130 1328 1492 1389 mentionem
1518 1329 1674 1389 facit.
1757 1328 1922 1399 Quae
1949 1348 2088 1389 cum
2113 1331 2192 1387 ita
2235 1332 2370 1404 sint,

128 1431 309 1491 altera
350 1427 570 1491 heroici
610 1431 861 1491 nominis
904 1430 1095 1491 forma
1134 1434 1405 1491 asima
1450 1432 1814 1491 mentionem
1857 1428 2065 1490 habet:
2106 1437 2372 1492 astrorum

126 1534 555 1613 astrologiae-yae
580 1534 781 1593 altera.
864 1535 1161 1593 Disiuncta
1190 1531 1333 1593 baec
1360 1552 1429 1591 ac
1458 1532 1781 1593 differentia
1810 1534 2049 1612 iungere
2077 1552 2144 1593 ao
2183 1555 2370 1615 copu-

123 1637 247 1693 lare
274 1634 450 1695 facile
473 1637 653 1716 possis
670 1679 687 1713 ,
730 1638 781 1695 si
806 1634 1119 1695 admoneas
1147 1628 1385 1714 φάτνης
1414 1646 1471 1695 et
1501 1630 1685 1711 ὄνων,
1716 1632 2024 1711 stellarum,
2069 1635 2132 1694 in
2181 1648 2369 1697 astro-

120 1755 441 1797 nemorum
478 1748 740 1799 veterum
767 1738 923 1799 libris
950 1738 1383 1801 celebratarum.
1426 1738 1557 1817 Ego
1588 1758 1724 1799 vero
1753 1739 1908 1801 malo
1929 1734 2033 1796 has
2061 1756 2150 1800 res
2165 1750 2370 1817 sponte

118 1842 283 1899 coire
312 1843 463 1899 inter
488 1859 553 1899 se
580 1852 639 1901 et
665 1842 1002 1918 coalescere,
1030 1860 1210 1923 quam
1237 1842 1498 1903 consulto
1525 1841 1690 1921 iungi
1717 1852 1774 1900 et
1803 1841 2205 1920 conglutinari.
2249 1844 2372 1901 Ne-

119 1962 241 2025 que
269 1945 429 2003 enim
454 1944 797 2024 opinionum
824 1954 1155 2005 commenta
1197 1963 1414 2027 quaero
1429 1990 1450 2022 ,
1497 1940 1599 2006 sed
1623 1943 1940 2023 priscarum
1970 1962 2162 2004 rerum
2195 1944 2366 2003 fabu-

114 2048 429 2127 larumque
450 2064 797 2126 germanam
824 2048 1195 2129 nativamque
1222 2044 1502 2133 indolem.
1532 2079 1618 2091 -
1660 2047 1854 2126 Atque
1881 2044 2036 2107 hanc
2078 2050 2266 2127 ipsam
2295 2068 2364 2119 ea

114 2149 185 2205 in
210 2167 276 2205 re
300 2148 605 2229 patefaciet
628 2149 795 2209 nobis
822 2149 1169 2225 Pausanias,
1215 2167 1335 2233 quo
1374 2168 1552 2210 nemo
1582 2149 1767 2229 magis
1795 2149 1857 2205 in
1897 2168 2095 2211 rerum
2121 2152 2366 2229 scripto-

116 2249 279 2309 ribus
290 2250 522 2311 Graecis
548 2248 849 2327 Herodoti,
870 2248 1136 2311 historiae
1162 2252 1359 2333 patris,
1386 2251 1586 2313 similis
1616 2262 1719 2313 est.
1765 2250 1940 2311 Cuius
1959 2249 2034 2311 de
2047 2252 2362 2313 Astrabaco

112 2353 512 2413 narrationem
557 2354 821 2415 Laconn.
860 2353 1021 2428 XVI,
1069 2358 1141 2430 6,
1184 2354 1287 2413 ubi
1315 2351 1388 2412 de
1412 2355 1598 2413 Dima
1627 2350 1824 2413 Orthia
1865 2353 2036 2411 refert
2053 2399 2072 2430 ,
2127 2351 2361 2437 quando

114 2455 449 2515 universam
474 2456 706 2532 recolo,
746 2453 894 2514 haec
938 2456 1135 2513 omnia
1157 2454 1416 2541 accipere
1437 2458 1641 2515 malim
1665 2474 1772 2537 pro
1803 2456 1957 2513 fama
1986 2457 2180 2536 vulgi,
2211 2477 2361 2541 quae

113 2568 451 2639 temporum
494 2559 745 2620 rationes
780 2556 1024 2620 mirifice
1066 2556 1423 2621 confundere
1467 2560 1632 2619 solet.
1721 2537 1830 2618 Ac·
1854 2560 2172 2620 consimilia
2201 2581 2360 2620 sacra
2449 2564 2452 2569 ’

112 2663 277 2726 vario
295 2671 559 2742 tempore
598 2672 998 2722 memorantur
1024 2662 1335 2723 invaluisse
1360 2663 1422 2722 in
1451 2663 1873 2742 Peloponneso,
1947 2663 2226 2742 Spectant
2253 2665 2358 2722 ista

112 2762 195 2824 ad
232 2785 319 2826 res
358 2766 589 2825 lunares
630 2785 697 2826 ac
740 2766 1027 2828 Yenereas
1042 2809 1061 2842 ,
1103 2783 1252 2846 quae
1279 2766 1343 2823 in
1368 2762 1457 2826 his
1486 2765 1691 2826 fabulis
1711 2765 2010 2825 Laconicis
2039 2764 2358 2825 eminuere.

108 2869 306 2948 Atque
331 2865 429 2935 hic
456 2868 578 2950 ipse
604 2869 949 2934 Astrabacns
992 2867 1060 2946 (i.
1092 2889 1145 2926 e.
1174 2868 1521 2948 astrologus)
1565 2863 1734 2928 beros
1789 2867 2126 2950 antiquioris
2168 2864 2360 2926 herois

108 2970 587 3048 Peloponnesiaci
612 2973 959 3032 memoriam
987 2980 1228 3031 renovat
1252 2969 1663 3054 Endymionis.
1719 2968 1998 3030 Videlicet
2027 2967 2121 3028 hic
2151 2981 2208 3028 et
2239 2973 2359 3050 ipse

111 3079 475 3130 astronomus
518 3070 703 3132 dictus
730 3074 805 3135 ob
834 3075 1037 3134 Lunae
1080 3091 1343 3132 amorem
1397 3067 1485 3151 ¹³).
1597 3073 1676 3134 Et
1717 3071 1952 3156 quando
1983 3070 2293 3155 Endymion
2322 3091 2357 3130 a

108 3171 283 3233 Luna
308 3174 617 3255 suscepisse
660 3174 868 3234 dicitur
896 3178 1295 3254 qunquaginta
1321 3174 1483 3251 filias,
1513 3177 1905 3258 unusquisque
1935 3173 2232 3252 intelligit,
2273 3177 2354 3231 si-

104 3274 374 3356 gnificari
396 3275 571 3354 prisci
596 3277 735 3334 anni
757 3276 973 3336 lunaris
1003 3276 1205 3338 orbem
1232 3285 1291 3336 et
1318 3261 1622 3342 ambitum.
1711 3272 1956 3348 Quando
1981 3284 2180 3332 autem
2195 3271 2354 3334 idem

103 3399 189 3438 ex
212 3375 505 3438 Asterodm
530 3389 767 3457 generat
790 3376 998 3440 heroes
1010 3424 1029 3456 ‚
1090 3381 1191 3462 qui
1214 3379 1446 3462 populis
1482 3379 1836 3460 urbibusque
1874 3377 2116 3444 nomina
2141 3361 2353 3438 dedere

100 3481 220 3541 hoc
258 3477 407 3540 nihil
452 3477 611 3540 aliud
640 3491 743 3558 αἱ,
772 3501 951 3569 quam
988 3483 1333 3547 ’Διίτοὸααωι
1360 3483 1615 3563 aliquem
1646 3482 1705 3538 in
1734 3477 2049 3540 Heraclidis
2079 3499 2112 3536 e
2139 3498 2354 3558 genere

98 3579 665 3666 Eurysthenidarum
692 3585 1022 3647 memorari.
1104 3587 1263 3645 Haec
1294 3581 1499 3642 eadem
1527 3576 1894 3664 Ἀστεροδία,
1923 3582 2216 3642 stellarum
2245 3578 2350 3638 de-
2407 3649 2412 3656 .

102 3689 328 3751 clarens
369 3686 707 3766 circuitum,
769 3685 959 3750 affinis
982 3696 1066 3746 est
1096 3684 1349 3762 deabus,
1391 3705 1534 3770 quas
1578 3691 1841 3747 astrorum
1881 3684 2058 3744 cultus
2085 3685 2350 3744 sacravit.

98 3791 369 3864 Quarum
407 3791 647 3850 nomina
662 3835 683 3868 ,
738 3792 827 3850 uti
862 3791 1141 3865 assolent,
1192 3786 1270 3849 ad
1286 3808 1461 3848 suum
1486 3808 1819 3850 sermonem
1848 3784 2114 3865 redigunt
2143 3787 2349 3844 Graeci

100 3891 403 3952 homines:
463 3891 561 3952 Sic
577 3937 595 3971 ,
647 3905 713 3956 ut
756 3891 889 3972 ho,
899 3905 1059 3970 utar,
1088 3893 1378 3974 Syrorum
1407 3892 1610 3972 religio
1635 3883 2048 3972 Ἀστροᾶρχην
2092 3890 2348 3969 aliquam

98 3995 367 4078 agnoscit
394 3986 526 4073 Μ’),
568 4015 605 4056 a
642 3997 815 4061 Luna
839 4016 963 4058 non
988 3997 1245 4058 mltum
1274 3993 1586 4058 dlvermn.
1654 3995 1848 4077 Atque
1887 3993 2074 4074 ipsam
2117 3991 2350 4050 Lunam

208 4319 263 4388 *J
302 4315 421 4376 vn.
454 4324 631 4374 annot.
662 4300 953 4372 αιᾙοωι.
990 4315 1164 4374 mu...
1200 4313 1437 4386 trama.
1470 4305 1941 4384 p.603b3q.sehol.
1959 4305 2127 4379 spon.
2159 4306 2350 4376 ivm.

170 4421 259 4490 **)
296 4419 417 4475 via.
448 4417 727 4476 nundum
766 4419 901 4474 nist.
939 4417 1003 4484 V,
1025 4411 1608 4490 epissent-1211.
