2967 5150
1417 426 2127 487 HERODOTl

813 614 936 659 ποι
974 588 1082 661 ἐπὶ
1122 590 1337 658 τοῦδε.
1421 590 1559 659 ἔστι
1598 592 1831 661 πεδίον
1884 591 2052 677 μέγα
2114 595 2229 677 τῆς
2282 592 2594 679 Μηδικῆς
2642 598 2731 680 τῷ

817 688 1078 778 οὔνομά
1121 691 1258 759 ἐστι
1301 697 1632 761 Νίσαιαν·
1678 694 1839 773 τούς
1882 718 1981 761 ον
2021 694 2102 781 δὴ
2152 696 2397 772 ἵππους
2423 694 2587 771 τούς
2626 716 2725 777 με·

774 792 1068 882 sydaove
1107 793 1300 881 φέρει
1337 794 1413 865 τὸ
1451 800 1689 866 πεδίον
1741 802 1958 865 τοῦτο.
2044 795 2283 865 ὄπισθε
2339 796 2412 865 δὲ
2468 792 2723 863 τούτων

814 900 952 965 τῶν
1005 895 1174 965 δέκα
1217 900 1438 967 ἵππων
1457 949 1478 981 ,
1536 898 1713 987 ἅρμα
1753 897 1925 981 Διὸς
1982 901 2139 986 ἱρὸν
2176 899 2557 969 ἐπετέτακτο
2576 946 2595 978 ,
2648 896 2718 965 τὸ

731 1212 1096 1293 potissimum
1115 1214 1426 1273 utebantur
1453 1232 1523 1273 ao
1562 1214 1733 1273 nobi-

729 1300 902 1357 liores
945 1300 1174 1357 Persae.
1261 1300 1414 1371 Quin
1441 1299 1733 1380 hodieque

729 1384 834 1442 tali
863 1403 1015 1466 equo
1041 1384 1378 1443 solemniter
1421 1384 1560 1445 vehi
1587 1388 1733 1445 solet

730 1471 1040 1529 Persarum
1053 1490 1158 1527 rex
1178 1490 1223 1529 s.
1246 1468 1480 1547 Schuch,
1498 1482 1562 1530 ut
1574 1492 1730 1529 nuno

729 1566 989 1629 vocatur,
1019 1566 1162 1615 teste
1189 1556 1448 1633 Portero,
1481 1558 1584 1641 qui
1608 1560 1731 1637 ipse

733 1642 796 1699 in
808 1642 1046 1721 planitie
1061 1642 1269 1699 Casbin
1283 1644 1517 1701 illorum
1544 1662 1730 1724 equo-

729 1746 864 1785 rum
901 1728 1317 1787 formositatem
1365 1739 1421 1786 et
1464 1730 1730 1787 eelerita-

729 1822 850 1871 tem
871 1810 1199 1891 admiratus,
1215 1814 1361 1871 ineo
1381 1825 1579 1873 tamen
1606 1813 1729 1871 falli

727 1896 972 1973 videtur,
994 1896 1153 1980 quod
1173 1917 1310 1955 cum
1318 1900 1563 1957 Rennel.
1590 1918 1727 1979 pag.

728 1981 848 2045 501
882 1982 1114 2041 Nisaeos
1141 2004 1396 2063 campos,
1425 1986 1490 2042 in
1518 1985 1727 2067 quibus

723 2066 820 2125 isti
876 2070 1014 2151 equi
1068 2071 1478 2147 pascebantur,
1545 2089 1728 2149 prope

725 2153 1163 2213 Kermanschah
1205 2156 1380 2217 fuisse
1421 2157 1727 2231 existimat,

725 2258 867 2297 eum
921 2238 1066 2299 haee
1109 2261 1320 2319 pascua
1363 2244 1425 2300 in
1467 2242 1725 2321 planitie,

725 2342 880 2404 quae
921 2326 1072 2385 intra
1115 2328 1322 2385 Casbin
1361 2338 1420 2385 et
1447 2326 1725 2387 Teheran

721 2411 1036 2489 porrigitur
1051 2458 1068 2487 ,
1111 2430 1294 2491 prope
1335 2424 1594 2471 veterem
1622 2432 1725 2470 ur-

722 2494 861 2553 bem
902 2495 1079 2572 Ruga
1115 2500 1179 2555 in
1215 2497 1412 2558 Media
1447 2516 1651 2576 magna
1677 2518 1723 2558 s.

723 2580 1090 2642 meridionali
1141 2586 1262 2644 sive
1331 2587 1394 2643 iu
1464 2587 1721 2664 regione,

725 2687 878 2749 quae
905 2687 1062 2728 nune
1105 2671 1424 2749 appellatur
1448 2668 1723 2730 Irak-Ad-

727 2753 960 2828 schem,
989 2754 1164 2814 fuisse
1197 2757 1384 2813 multo
1413 2758 1486 2814 sit
1510 2757 1723 2834 proba-

722 2837 913 2896 bilius.
999 2840 1160 2898 Haeo
1203 2842 1358 2898 enim
1386 2843 1549 2918 regio
1576 2843 1727 2919 opti-

721 2923 835 2980 mis
871 2921 1127 2982 abundat
1148 2927 1370 3002 pascuis
1399 2923 1727 2986 herba'Me-

723 3005 854 3066 diea
871 3052 890 3083 ,
941 3027 1121 3088 quam
1145 3007 1418 3070 Nostrum
1444 3011 1577 3072 Klee
1603 3031 1727 3070 esse

721 3093 902 3172 vulgo
929 3094 1270 3174 perhibent,
1309 3099 1539 3176 repletis
1568 3101 1725 3178 opti·-

719 3198 1008 3262 mumque
1049 3181 1188 3240 inde
1229 3183 1511 3262 pabulum
1549 3203 1723 3263 prae-

721 3266 1012 3326 bentibus.
1086 3268 1220 3327 vid.
1249 3272 1501 3330 Heeren.
1522 3269 1722 3327 ldeen.

719 3353 770 3410 1.
805 3356 836 3414 1
875 3371 1012 3432 pag.
1041 3353 1186 3418 304.
1215 3353 1360 3420 805.
1445 3355 1723 3413 Veterum

723 3439 1050 3496 testimonia
1075 3437 1154 3496 de
1181 3441 1341 3520 equis
1381 3441 1599 3499 Nisaeis
1622 3439 1723 3498 da-

723 3523 870 3582 bunt
913 3525 1234 3582 Brissonius
1273 3527 1364 3582 De
1405 3545 1528 3604 reg.
1560 3527 1719 3586 Pers.

721 3608 967 3688 princip.
1013 3611 1061 3684 Ι,
1107 3613 1250 3674 122.
1289 3613 1389 3686 111,
1435 3615 1521 3674 29
1558 3609 1719 3692 (quo

719 3695 842 3750 iam
897 3711 1034 3752 usus
1095 3713 1228 3752 sum
1289 3693 1363 3753 ad
1420 3693 1718 3762 Plutarch.

717 3775 932 3858 Pyrrh.
969 3783 1040 3842 11
1073 3797 1210 3858 pag.
1247 3782 1424 3856 169),
1453 3793 1511 3840 et
1530 3783 1721 3840 luter-

718 3873 892 3943 prett.
947 3863 1023 3922 ad
1089 3867 1387 3928 Ammian.
1463 3869 1718 3928 Marcell.

655 3963 660 3970 '
715 3951 937 4025 xxm,
987 3952 1028 4013 6
1075 3953 1139 4022 §-
1181 3955 1268 4016 80
1309 3953 1444 4012 ooll.
1485 3955 1717 4016 Arriam

718 4037 910 4095 Anab-
940 4037 1064 4110 VII,
1101 4041 1176 4102 13
1203 4039 1334 4097 init.

803 4115 974 4202 ἅρμα
997 4117 1148 4194 Ande
1177 4117 1310 4206 ἱρὸν
1338 4120 1713 4201 ἐπετέτακτο]

715 4207 759 4265 i.
779 4226 830 4264 e.
841 4223 976 4285 poue
1007 4205 1214 4290 (equos
1227 4207 1434 4268 decem
1451 4211 1713 4290 Nisaeos)

718 4291 1032 4370 sequebatur
1067 4314 1116 4353 s.
1159 4294 1444 4354 collocatus
1471 4301 1591 4354 eret
1618 4293 1715 4353 10-

719 4379 806 4438 u's
829 4397 1044 4438 cums.
1119 4378 1348 4439 Eodem
1375 4378 1557 4440 modo
1574 4378 1716 4446 ἒπε-

1812 1210 2053 1279 thano
2082 1216 2206 1292 vn,
2234 1212 2315 1279 41
2352 1214 2491 1278 coll.
2518 1216 2567 1289 1,
2596 1210 2786 1287 80,ώί

1812 1294 2043 1365 ὄπισθε
2070 1304 2185 1364 τοῦ
2214 1301 2399 1372 πεζοῦ
2431 1296 2671 1372 ἐπέταξε
2691 1292 2788 1377 τήν

1813 1389 2019 1448 πᾶσαν
2046 1386 2236 1448 ἵππον
2259 1387 2299 1445 i.
2314 1405 2365 1445 e.
2400 1404 2564 1463 pone,
2580 1389 2693 1463 pont
2706 1402 2789 1461 pe·

1816 1470 1953 1531 dites
1996 1471 2259 1551 disposuit
2303 1476 2624 1549 equitatum.
2715 1470 2787 1524 De

1810 1558 1937 1637 ipso
1980 1558 2130 1615 lovis
2182 1576 2355 1614 curru
2394 1554 2561 1634 apud
2594 1554 2788 1625 Persas,

1812 1644 1973 1723 equis
1997 1642 2139 1700 albis
2164 1643 2381 1716 iuneto,
2394 1640 2653 1719 primarii
2678 1648 2791 1697 sunt

1808 1728 1926 1787 loci
1952 1725 2357 1807 Xenophontis
2390 1728 2453 1783 in
2494 1720 2789 1805 Cyropaed.

1812 1814 1971 1883 Vm,
2002 1816 2041 1876 3
2072 1814 2131 1884 §.
2172 1816 2247 1877 13
2278 1822 2334 1869 et
2366 1810 2556 1869 Curtii
2584 1810 2787 1885 111,s§.

1812 1900 1873 1973 6,
1912 1900 2017 1956 ubi
2058 1898 2279 1957 consul.
2320 1894 2680 1954 Freinshem.
2728 1896 2792 1951 Bt

1810 1983 1966 2043 conf.
1996 2003 2229 2065 quoque
2249 1981 2469 2041 Herod.
2502 1978 2792 2055 vm‚115.

1810 2066 1987 2127 Cuius
1999 2089 2196 2127 currus
2222 2070 2617 2148 symbolicam
2628 2084 2790 2148 quan-

1810 2152 1949 2213 dam
1976 2174 2097 2213 esse
2124 2152 2613 2233 significationem
2640 2168 2789 2209 nemo

1806 2240 2073 2319 negabit,
2118 2244 2219 2321 qui
2246 2238 2408 2298 haud
2450 2241 2651 2319 paucis
2702 2234 2789 2295 diis

1808 2345 1915 2405 per
1958 2329 2362 2409 antiquitatem
2404 2344 2615 2384 currus
2640 2322 2789 2382 tribui

1809 2414 2159 2489 reputaverit
2177 2457 2193 2487 ,
2246 2406 2526 2470 ‘universi
2576 2431 2623 2469 s.
2662 2406 2790 2467 orbis

1805 2506 2092 2555 terrarum
2132 2500 2295 2580 quasi
2336 2498 2663 2576 imaginem
2706 2512 2789 2550 ae-

1810 2585 2028 2664 quabili
2061 2603 2129 2642 ae
2165 2595 2453 2664 perpetuo
2508 2579 2705 2642 ordine
2726 2597 2789 2636 a

1806 2681 2040 2728 aeterna
2078 2672 2211 2750 lege
2236 2689 2298 2730 se
2339 2671 2651 2728 moventis.
2688 2669 2791 2723 lta-

1810 2773 1925 2834 que
1952 2774 2091 2813 non·
2112 2756 2267 2814 male
2292 2766 2553 2813 statuere
2588 2752 2789 2812 videtur

1806 2839 2063 2900 Kleuker
2095 2837 2409 2919 (Append.
2450 2839 2536 2898 ad
2580 2836 2791 2897 zenda-

1804 2935 1947 2986 vest.
1977 2929 2059 2984 m
2086 2945 2145 3005 p.
2170 2929 2273 2990 23.
2304 2925 2436 3000 32),
2490 2927 2641 2983 bene
2674 2941 2789 2980 me-

1804 3029 1937 3071 mor
1962 3014 2105 3071 sacri
2120 3013 2511 3070 israelitarum
2540 3011 2787 3069 taberna-

1806 3098 1941 3172 euli,
1952 3095 2132 3155 booee
2146 3115 2338 3172 curru,
2354 3099 2524 3154 cuius
2539 3098 2597 3152 in
2612 3095 2785 3154 omn}

1804 3183 1912 3242 bus
1978 3185 2287 3242 Persarum
2344 3180 2785 3262 expeditionibus

1804 3271 1975 3347 regiis
2004 3269 2069 3327 fit
2096 3271 2348 3342 mentio,
2390 3267 2635 3326 indicari
2660 3266 2787 3324 Ioues

1804 3355 2207 3433 praesentiam,
2248 3355 2469 3412 summi
2497 3355 2621 3412 soil.
2656 3351 2785 3428 regis

1804 3449 2089 3498 terrarum
2146 3447 2322 3522 atque
2378 3441 2563 3518 ipsius
2640 3437 2783 3506 coeli,

1805 3525 2063 3605 itemque
2106 3525 2227 3582 eius
2270 3527 2567 3582 actionem
2600 3543 2667 3582 ae
2690 3539 2785 3600 po-

1798 3613 2072 3684 tentiam,
2130 3609 2249 3691 quii
2288 3612 2491 3668 omnia
2536 3611 2599 3667 in
2644 3607 2785 3666 terris

1802 3715 1987 3778 aeque
2044 3705 2219 3776 atque
2266 3697 2329 3752 in
2388 3695 2559 3754 eoelo
2624 3702 2783 3770 regat.

1801 3782 1963 3841 Coeli
1992 3792 2185 3840 autem
2224 3781 2427 3840 orbem
2462 3783 2667 3840 Persas
2704 3775 2783 3834 1ο·

1798 3885 1909 3928 vem
1939 3885 2171 3925 voeassa
2184 3912 2201 3942 ,
2260 3875 2503 3925 testatur
2530 3869 2651 3946 ipse
2674 3866 2783 3922 fle-

1800 3951 2037 4012 mdotus
2064 3953 2111 4026 1,
2154 3955 2293 4016 131.
2381 3951 2554 4023 Quod
2580 3971 2658 4009 ne
2678 3947 2781 4006 mi-

1796 4041 1955 4112 reris,
1982 4035 2301 4098 tenendum
2332 4039 2583 4096 Graecos
2614 4038 2781 4094 Grae-

1798 4127 1881 4184 e'n
1912 4125 2247 4184 nominibus
2274 4123 2601 4202 signifieat-e
2626 4137 2781 4200 pere-

1802 4209 1967 4290 grina
1996 4211 2271 4284 numina,
2298 4211 2361 4265 in
2392 4209 2601 4288 quibus
2632 4205 2779 4264 simi·

1796 4297 1917 4354 lem
1954 4292 2249 4376 quandam
2288 4296 2415 4354 vim
2438 4295 2545 4354 sibi
2572 4307 2779 4372 eogno-

1796 4381 1943 4441 vim
1968 4378 2331 4456 videbuntur,
2388 4389 2457 4440 ut
2494 4377 2695 4438 monui
2712 4369 2775 4434 od
