2967 5150
795 415 1516 477 POLYMNIA.

1600 414 1695 477 VI
1710 418 1758 479 Ι.
2119 416 2249 483 ‘116

335 574 753 651 στεινότατον
777 586 896 667 τῆς
920 580 1136 669 χώρης
1162 584 1277 668 τῆς
1305 577 1534 667 ἄλλης,
1594 576 1730 649 ἀλλ’
1794 579 2125 665 ἔμπροσθέ
2171 602 2249 651 ts

339 682 826 770 Θερμοπυλέων
865 684 979 753 καὶ
1021 683 1290 753 ὄπισθε·
1329 682 1505 755 κατά
1544 706 1619 751 vs
1652 676 2037 770 Ἀλπηνοὺς,
2084 679 2243 753 ὄπι-

245 1051 402 1093 rum.
470 1028 608 1109 (cf,
655 1031 946 1090 Mannert.
973 1032 1082 1090 vn
1105 1050 1246 1111 pag.

247 1116 428 1198 620.)
489 1116 578 1177 Ibi
611 1118 770 1175 enim
795 1127 1026 1176 montes
1053 1118 1245 1177 uti-in·-

247 1222 368 1287 que
415 1204 673 1261 maxime
744 1204 1246 1283 appropinquant3

248 1289 354 1372 qui
371 1299 570 1349 tamen
615 1307 754 1347 cum
781 1290 1044 1367 superari
1071 1288 1242 1348 facile

243 1374 920 1457 potuerint,intelligitur,
931 1394 1040 1435 cur
1054 1376 1242 1435 Grae-

247 1463 304 1521 ci
332 1480 402 1519 eo
429 1462 561 1519 loco
597 1460 907 1518 subsistere
926 1460 1238 1533 noluerint,

245 1544 352 1606 sed
396 1546 660 1604 faucibus
705 1544 816 1603 illis
845 1544 1132 1605 derelictis
1160 1543 1240 1603 ad

245 1632 402 1712 ipsas
429 1632 590 1711 pylas
627 1629 858 1709 regredi
898 1632 1210 1689 maluerint
1222 1656 1243 1707 3

249 1735 406 1799 quae
431 1718 530 1775 ubi
557 1726 882 1775 exstructae
921 1727 1087 1777 erant
1102 1761 1119 1792 ,
1167 1717 1244 1775 ab

249 1804 432 1862 altera
469 1810 633 1882 parte
673 1802 986 1861 imminent
1013 1812 1246 1862 montes

247 1890 541 1969 praerupti
555 1930 574 1959 ,
602 1889 674 1946 ab
698 1889 879 1946 altera
917 1887 1159 1969 paludes
1187 1897 1248 1946 et

247 1984 456 2053 stagna
493 1972 903 2049 ‘extenduntur
959 1972 1034 2033 ad
1078 1993 1246 2031 mare

248 2080 468 2142 usque,
526 2062 608 2119 ita
641 2068 713 2119 ut
752 2078 873 2117 uno
919 2070 1076 2117 certe
1111 2060 1248 2119 loco

247 2164 354 2207 m
407 2148 712 2223 sexaginta
771 2162 1048 2223 passuum
1102 2154 1250 2203 esset

247 2229 522 2290 transitus
549 2240 694 2289 teste
716 2230 888 2289 Livio
921 2228 1076 2307 (loco
1103 2248 1250 2289 mox

247 2313 574 2393 laudando)
617 2316 896 2395 ipsaeque
919 2332 1096 2374 naves
1127 2335 1248 2374 non

249 2402 366 2461 nisi
378 2401 559 2459 fluctu
577 2400 752 2458 maris
767 2402 1030 2459 maximo
1052 2403 1250 2460 omnia

254 2487 568 2565 obtegente
599 2497 657 2546 et
699 2484 1037 2545 exundante
1077 2506 1250 2545 acce·-

223 2570 240 2582 ‘
254 2568 394 2632 dere
421 2583 675 2652 possent.
759 2574 872 2632 Hic
899 2572 1086 2632 fontes
1105 2593 1248 2652 pro·

249 2659 453 2718 siliunt
493 2657 682 2734 calidi,
711 2655 858 2717 haec
875 2678 1046 2718 verae
1061 2659 1248 2718 Ther-

248 2745 525 2826 mopylae
598 2741 976 2804 Trachiniam
1005 2791 1022 2822 ,
1093 2763 1247 2826 quae

249 2828 586 2891 Thessaliae
613 2829 983 2907 adscribitur,
1045 2835 1247 2890 seiun-

247 2925 450 2996 gentes
479 2935 516 2976 a
541 2920 864 2976 Locrorum
905 2915 1088 2992 teri-53
1147 2915 1246 2976 hic

245 3021 448 3063 murus
493 3021 528 3060 a
569 3001 966 3062 Phocensibus
1015 3013 1247 3062 exstru-

247 3098 394 3163 ctus,
468 3089 570 3169 qui
627 3091 708 3148 ibi
765 3109 904 3147 cum
949 3084 1248 3147 Thessalis

247 3173 394 3231 olim
443 3185 810 3251 pugnarunt3
883 3172 980 3231 hic
1038 3175 1248 3232 Graeci

245 3277 388 3318 cum
413 3260 620 3332 Persis,
664 3259 858 3316 Aetoli
887 3275 1025 3316 cum
1047 3259 1250 3316 Mace-

247 3343 517 3419 donibus,
571 3342 896 3402 Antiochus
949 3363 1086 3402 cum
1124 3346 1248 3403 Ro·-

247 3432 460 3502 manis,
517 3429 728 3487 Graeci
799 3447 938 3487 cum
1011 3431 1251 3488 Brenno

245 3525 619 3596 pugnarunt3
651 3516 794 3596 quia
821 3515 1010 3572 multo
1039 3527 1168 3593 pest
1189 3527 1250 3576 et

249 3603 452 3659 Hunni
477 3611 536 3660 et
564 3602 767 3677 Tui-ci,
785 3597 933 3659 duce
948 3599 1248 3678 Baiazeth,

247 3705 355 3767 per
399 3685 504 3746 has
545 3687 743 3747 fauces
801 3687 1108 3745 Graeciam
1149 3689 1248 3746 in-

249 3782 544 3831 vaserunt.
661 3773 868 3832 Omnis
929 3773 1090 3850 regio
1109 3817 1125 3847 ‚
1197 3773 1246 3831 si

247 3857 537 3918 Dodwell.
572 3858 768 3935 (Reise
808 3857 868 3918 d.
911 3855 1144 3916 Griech.
1171 3860 1246 3935 11,

255 3950 288 4006 1
321 3963 456 4023 cap.
503 3948 582 4008 18
611 3966 672 4023 Ρ.
705 3943 829 4009 134
857 3963 981 4025 seq.
1001 3941 1248 4002 θείνει-«-

248 4030 446 4108 mcc.)
475 4027 696 4104 midias,
725 4030 1098 4089 laetissimam
1134 4026 1248 4088 ho·-

251 4113 465 4196 dieque
495 4116 731 4194 praebet
765 4118 1026 4195 speciem
1071 4126 1248 4197 atque

252 4201 333 4260 ob
373 4201 588 4259 multos
649 4201 841 4261 fontes
867 4248 874 4256 .
897 4201 1248 4261 fertilissima

255 4295 360 4360 est,
387 4287 684 4346 montibus
708 4289 1028 4366 praeruptis
1059 4288 1248 4346 cincta

253 4372 430 4454 sylvis
468 4373 804 4455 campisque
857 4369 1248 4453 pulcherrime

1331 1028 1636 1107 distincta3
1666 1030 1751 1091 ita
1778 1040 1845 1089 ut
1872 1030 1976 1089 vix
2003 1028 2329 1113 quidquam

1329 1116 1639 1177 desideres.
1725 1114 1861 1175 vid.
1902 1118 2088 1175 Kruse
2132 1120 2329 1181 Hellas

1326 1205 1403 1279 Π,
1433 1207 1474 1265 2
1505 1222 1635 1283 pag.
1674 1205 1794 1266 132
1810 1221 1931 1283 seq.
1988 1202 2162 1273 Quod
2186 1224 2327 1267 vero

1331 1286 1543 1348 Clarke
1572 1289 1879 1367 regionem,
1904 1289 2116 1348 clamat
2126 1292 2327 1349 omni-

1323 1392 1430 1433 um
1459 1394 1581 1433 esse
1609 1374 2121 1443 insaluberrimam
2150 1386 2329 1457 atque

1323 1458 1739 1533 foedissimam,
1764 1461 1825 1516 in
1846 1457 1962 1541 quii
1975 1480 2151 1519 nemo
2166 1464 2329 1542 quis-

1325 1564 1525 1626 quam,
1541 1547 1653 1605 uisi
1680 1544 1795 1603 loci
1812 1545 2095 1603 memoria
2104 1557 2327 1625 captus,

1329 1632 1541 1691 diutius
1568 1634 1914 1689 immoretur
1942 1629 1970 1708 (
1992 1629 2122 1690 vid.
2161 1634 2327 1691 -Vau-

1329 1716 1631 1779 doncourt.
1686 1714 1975 1779 Schilder.
2050 1714 2110 1775 d.
2160 1714 2325 1785 heut.

1329 1800 1659 1863 Griechenl.
1706 1822 1769 1881 Ρ.
1817 1801 1995 1877 284),
2038 1800 2102 1863 id
2145 1806 2330 1882 perti·-

1327 1899 1430 1947 net
1469 1908 1593 1947 non
1640 1898 1763 1947 tam
1814 1886 1891 1946 ad
1916 1888 2069 1965 ipsos
2096 1900 2327 1951 montes

1328 1974 1646 2055 faucesque
1770 1971 2326 2053 Thermopylarum,

1334 2080 1515 2141 quam
1559 2058 1635 2118 ad
1676 2056 1945 2137 Sperchii
1982 2058 2146 2117 fluvii
2197 2062 2329 2119 val-

1329 2146 1450 2203 lem
1504 2145 1840 2203 inferiorem
1860 2187 1878 2218 ,
1948 2162 2097 2225 quae
2154 2146 2327 2205 latior

1329 2231 1615 2311 paulatim
1672 2240 1970 2309 patescens
2030 2231 2092 2287 in
2142 2234 2327 2307 aperti

1332 2318 1525 2396 campi
1550 2316 1805 2374 formam
1830 2316 1965 2387 exit,
1996 2316 2328 2394 planitiem-

1332 2422 1448 2485 que
1466 2400 1658 2477 efficit‚
1688 2402 1839 2458 inter
1856 2401 2195 2458 Zeitunium
2216 2421 2329 2481 op-

1331 2486 1540 2567 pidum
1568 2498 1743 2568 atque
1777 2484 2204 2567 Thermopylas
2234 2490 2327 2547 la·-

1327 2572 1577 2634 titudine
1618 2574 1790 2631 unius
1844 2572 2075 2632 milliar.
2120 2591 2323 2653 geogr.

1331 2670 1389 2721 et
1433 2658 1593 2742 quod
1622 2659 1909 2731 excurrit,
1951 2677 1985 2716 a
2026 2659 2325 2718 Maliensi-

1327 2747 1437 2805 bus
1481 2747 1623 2804 clim
1660 2741 2027 2814 habitatam,
2076 2755 2137 2802 et
2160 2763 2325 2806 nuno

1326 2830 1498 2892 valde
1538 2841 1871 2904 extensam,
1900 2839 2123 2888 mutata
2150 2833 2327 2892 totius

1327 2919 1580 2995 regionis
1618 2915 1819 2975 indole
1858 2913 2007 2991 (vid.
2054 2927 2205 2980 nott.
2246 2913 2325 2975 ad

1327 3005 1451 3076 Vll,
1483 3002 1656 3080 198).
1742 3003 1900 3059 Haec
1928 3001 2122 3079 regio,
2172 3021 2325 3082 quae

1302 3087 1503 3146 ‘maris
1522 3085 1891 3166 superficiem
1906 3085 2207 3144 altitudine
2222 3089 2325 3146 vix

1328 3182 1560 3252 superat
1585 3215 1601 3246 ,
1644 3169 1886 3230 humida
1928 3182 2013 3229 est
2052 3190 2119 3230 ac
2148 3173 2323 3250 palu-

1331 3257 1503 3333 dosa3
1546 3257 1853 3338 quotannis
1880 3256 2001 3314 fere
2044 3255 2323 3316 inundata

1327 3343 1584 3424 indeque
1596 3343 1855 3400 maxime
1874 3351 2165 3420 stagnans.
2192 3343 2323 3400 Un—

1331 3428 1404 3489 de
1447 3449 1547 3488 aer
1564 3473 1581 3502 ,
1624 3429 1838 3487 aestivo
1879 3429 2137 3486 maxime
2177 3437 2327 3486 tem-

1329 3535 1491 3596 pore,
1522 3525 1823 3594 corruptus
1852 3525 1909 3572 et
1930 3515 2191 3587 nocivus,
2220 3515 2325 3593 qui

1329 3603 1581 3680 regionis
1626 3601 1845 3660 incolas
1888 3599 2144 3656 multum
2173 3599 2327 3656 affii-

1330 3689 1435 3766 git.
1537 3683 1659 3746 Sed
1724 3705 1909 3764 prope
1964 3685 2327 3758 Zeitunium,

1330 3774 1433 3831 ubi
1454 3773 1622 3831 altior
1648 3781 1796 3830 terra
1829 3780 1887 3827 et
1913 3771 2133 3845 siccior,
2160 3771 2323 3850 regio

1325 3859 1677 3918 feracissima
1750 3857 2017 3914 omnium
2058 3857 2181 3915 fere
2227 3877 2323 3915 re·-

1329 3963 1464 4004 rum
1481 3987 1499 4018 ,
1570 3941 1893 4023 eademque
1951 3943 2325 4002 saluberrima

1329 4030 1817 4109 laetissimamque
1857 4029 2138 4106 praebens
2186 4047 2327 4104 spe·-

1331 4118 1501 4178 ciem.
1586 4113 1719 4174 vid.
1776 4111 2019 4190 Kriegk.
2060 4116 2149 4170 De
2192 4113 2326 4170 Ma-

1329 4203 1525 4262 lienss.
1564 4203 1729 4280 Disp.
1770 4217 1975 4278 geogr.
1996 4219 2054 4278 p.
2086 4201 2189 4262 18.
2223 4201 2325 4262 19.

1417 4278 1547 4350 a'u'
1594 4281 1903 4391 Eumque&
1967 4305 2031 4344 τι
2088 4285 2327 4364 Θερμο-

1332 4370 1574 4438 πυλέων
1604 4369 1711 4434 καὶ
1759 4364 2035 4447 ὄπισθε]
2098 4367 2329 4451 ἔμπρο-
