2967 5150
784 392 915 459 ⁶24

1430 386 2130 447 HERODOTI

788 553 1049 627 στεινόν
1086 549 1598 642 πυνθανόμενος
1627 548 1833 635 εἶναι,
1899 550 1982 621 δι’
2027 544 2113 621 οὗ
2155 552 2290 637 ῥέει
2330 550 2370 619 ὁ
2423 556 2705 641 Πηνειὸς

792 656 1063 728 ἀκούων
1101 679 1171 725 τε
1194 650 1367 725 εἶναι
1386 653 1597 743 ταύτῃ
1631 650 1798 725 ὁδόν
1839 654 1906 735 ἐς
1937 656 2303 742 Θεσσαλίην
2327 655 2702 743 φέρουσαν,

700 921 843 999 λίην
868 916 1041 1003 φέρει
1068 912 1237 999 muni
1264 913 1558 997 Πηνειόν
1583 939 1702 981 πο·-

702 1001 921 1087 ταμὸν,
992 1000 1209 1083 μεταξῦ
1248 999 1317 1065 δὲ
1360 998 1700 1109 Οὔλυμπον

700 1088 885 1235 351⁸:
890 1084 1305 1235 {3⁴25ss
1306 1084 1697 1255 ”mgna

700 1254 891 1322 verbis
976 1252 1222 1323 αὖλῶνα
1292 1256 1530 1322 στεινόν
1586 1252 1726 1332 (ιη’

702 1349 827 1422 Vn,
860 1342 1183 1426 129.130)
1212 1343 1455 1403 indicari
1490 1345 1697 1425 Tempe,

702 1452 855 1515 quae
879 1451 1019 1491 sane
1044 1433 1126 1490 ibi
1148 1428 1548 1510 angustissima
1577 1440 1716 1490 esse·

579 1558 587 1565 =
702 1519 968 1577 feruntur
1049 1517 1344 1576 montibus
1424 1518 1699 1598 utrinque

704 1605 915 1679 cincta,
940 1604 1093 1663 saxis
1121 1604 1441 1682 praeruptis
1469 1604 1532 1660 in
1559 1598 1699 1661 seit-

704 1701 1012 1751 centorum
1078 1698 1178 1747 aut
1232 1690 1698 1767 octingentorum
1733 1735 1740 1741 .

703 1774 923 1857 pedum
950 1772 1309 1834 altitudinem
1322 1768 1478 1831 rectit
1493 1794 1700 1833 exsur-

702 1862 991 1939 gentibus.
1080 1862 1244 1918 Bene
1270 1860 1492 1917 Plinius
1519 1861 1596 1924 H.
1623 1861 1698 1918 N.

700 1948 799 2022 IV,
830 1948 871 2010 8
895 1944 1033 2025 (15)
1064 1946 1122 2017 §-
1142 1949 1225 2011 30
1252 1964 1375 2025 seq.
1420 1944 1536 2019 „Et
1561 1955 1698 2003 ante

703 2041 941 2090 cunctos
990 2031 1245 2089 claritate
1280 2032 1512 2088 Peneus
1539 2040 1698 2089 ortus

700 2119 867 2176 iuxta
880 2114 1180 2196 Gomphos
1207 2117 1471 2197 interque
1497 2117 1698 2174 Ossam

704 2214 763 2262 et
822 2204 1138 2283 Olympum
1190 2218 1498 2259 nemorosa
1552 2221 1699 2259 con-

704 2289 855 2348 valle
904 2286 1161 2346 defluens
1198 2287 1529 2369 quingentis
1577 2298 1696 2347 sta-

704 2372 833 2449 diis,
864 2370 1104 2433 dimidio
1132 2373 1253 2431 eius
1275 2373 1441 2451 spatii
1453 2372 1698 2451 naviga·
1733 2452 1738 2457 .

700 2460 850 2522 bilis.
935 2460 1006 2516 In
1050 2477 1120 2517 eo
1161 2476 1331 2516 cursu
1378 2456 1566 2535 Tonpe
1586 2476 1697 2516 vo-

704 2556 911 2605 cantur
939 2546 1195 2628 quinque
1232 2542 1381 2603 mill.
1420 2560 1696 2623 passuum

699 2629 1062 2710 longitudine
1110 2641 1167 2690 et
1204 2631 1389 2698 ferme
1411 2630 1698 2712 sesquiiu-
1727 2641 1736 2656 ¹

702 2719 828 2796 geri
900 2714 1235 2791 latitudine,
1306 2717 1455 2774 ultra
1507 2717 1695 2774 visum

700 2801 953 2860 hominis
980 2761 1368 2860 attollentibus
1381 2816 1443 2858 se
1458 2798 1699 2859 dextera

698 2887 978 2967 laevaque
996 2888 1205 2943 leniter
1227 2885 1498 2944 convexis
1523 2887 1696 2965 iugis,

698 2973 861 3030 Intus
896 2990 1035 3029 vero
1074 2971 1207 3029 luco
1236 2969 1520 3028 viridante
1549 2971 1695 3029 alla·

691 3057 855 3116 bitur
893 3057 1143 3130 Peneus,
1199 3054 1395 3115 viridis
1449 3055 1692 3138 calcu10,

700 3161 978 3201 amoenus
1018 3143 1169 3202 circa
1218 3143 1368 3221 ripas
1410 3144 1690 3220 gramine,

704 3245 948 3288 canorus
974 3231 1171 3288 avium
1199 3230 1550 3286 concentuf‘
1617 3229 1694 3287 Et

696 3316 989 3391 maxime,
1061 3311 1219 3397 quod
1265 3315 1397 3373 satis
1454 3324 1692 3390 constat,

699 3402 985 3461 veteribus
1034 3399 1317 3457 celebrata
1355 3395 1528 3456 huius
1549 3416 1695 3458 eon-

698 3487 863 3546 vallis
892 3486 1239 3558 amoenitas,
1270 3493 1337 3542 ut
1362 3486 1423 3541 in
1451 3501 1695 3564 prover-

598 3627 601 3630 .
699 3573 863 3630 bium
910 3571 1033 3628 fere
1074 3569 1277 3628 abierit
1320 3579 1377 3626 et
1416 3572 1693 3652 cuiusque

696 3657 949 3734 regionis
987 3655 1423 3714 amoenissimae
1468 3657 1694 3735 signifi-

696 3742 988 3800 cationem
1084 3743 1430 3800 assumserit.
1557 3741 1689 3802 vid.

696 3823 1044 3886 Tzschucke
1086 3825 1161 3886 ad
1196 3825 1335 3886 Mel.
1375 3825 1449 3900 11,
1480 3829 1520 3890 3
1559 3827 1618 3900 §.
1647 3833 1692 3892 2

698 3922 847 4056 ³:1²st-
877 3929 1084 4056 usgif
1079 3930 1269 4072 wag.

698 4017 861 4166 ἒοξζι
877 4017 1095 4142 igidem
1107 4083 1357 4163 collegit,
1383 4015 1691 4163 guimun-

697 4189 812 4252 que
843 4168 917 4228 de
946 4167 1121 4229 Peneo
1148 4167 1301 4250 apud
1320 4178 1541 4229 veteres
1569 4180 1692 4228 tra-

696 4253 815 4314 dita
861 4256 1247 4336 reperiuntur.
1328 4251 1485 4315 Add.
1525 4254 1692 4318 nod-

696 4340 850 4400 weil.
876 4341 979 4400 1.1.
1010 4361 1069 4420 p.
1090 4339 1211 4405 195
1231 4358 1355 4422 seq.
1440 4339 1691 4412 Quiflu-

1773 920 1912 981 ‘vius
1941 938 1978 975 e
2000 915 2176 980 Pindi
2201 918 2355 995 lugis
2383 914 2664 977 delabens
2681 940 2787 998 per

1783 1006 2068 1083 exiguum
2097 1005 2560 1085 quingentorum
2569 1004 2788 1063 stadio-

1777 1108 1916 1147 rum
1956 1091 2211 1168 spatium
2233 1090 2436 1149 multis
2457 1091 2586 1149 aliis
2621 1110 2786 1148 rece-

1745 1233 1757 1243 ,
1777 1178 1892 1255 ptis
1933 1176 2131 1235 rivulis
2169 1194 2389 1253 magna
2434 1195 2514 1233 ex
2531 1187 2700 1257 parte
2725 1175 2790 1235 fit

1779 1260 2139 1339 navigabilis,
2171 1270 2230 1319 et
2249 1280 2390 1319 mox
2401 1260 2560 1319 intra
2577 1262 2788 1341 Olym-

1749 1348 1842 1427 ·pi
1891 1356 2067 1427 atque
2137 1343 2310 1405 Ossae
2361 1348 2578 1405 montis
2643 1367 2789 1405 saxa

1777 1452 1902 1491 non
1939 1433 2116 1510 longe
2157 1452 2194 1491 a
2218 1434 2370 1489 mari
2393 1452 2789 1511 perrumpens
2815 1474 2832 1494 .

1777 1518 1844 1575 iu
1895 1516 1960 1575 id
1999 1520 2192 1597 ipsum
2219 1536 2398 1599 aquas
2425 1538 2561 1577 suas
2587 1521 2788 1577 mittit.

1781 1602 1953 1663 Conf.
1978 1601 2400 1661 Vaudonconrt
2431 1604 2474 1662 Ι.
2501 1605 2545 1662 1.
2573 1624 2637 1683 p.
2659 1608 2784 1669 317

1777 1708 1901 1769 seq.
1933 1691 2058 1751 319
2086 1708 2208 1769 seq.
2239 1685 2360 1753 341
2411 1690 2555 1747 coll.
2583 1692 2784 1747 Pouc-

1782 1775 2033 1855 queville
2059 1775 2156 1832 1.1.
2183 1793 2319 1853 pag.
2351 1776 2484 1839 377
2511 1795 2640 1855 seq·
2661 1772 2782 1840 394

1777 1878 1945 1940 seqq.
1974 1860 2266 1917 Mannert.
2293 1860 2401 1918 vn
2413 1880 2479 1939 p.
2513 1860 2646 1924 553
2663 1879 2784 1941 seq·

1777 1946 1950 2003 Ntmc
1983 1946 2243 2004 inferiori
2257 1946 2622 2024 potissimum
2639 1966 2786 2029 past

1775 2040 1856 2106 te,
1899 2030 2002 2089 ubi
2029 2032 2227 2091 rivulis
2273 2030 2524 2109 pluribus
2569 2042 2790 2089 auctus

1777 2115 2117 2195 navigabilis
2167 2116 2252 2191 fit,
2301 2116 2619 2196 appellatur
2663 2115 2788 2175 So-

1779 2200 2017 2261 lembna.
2103 2199 2274 2273 Quod
2318 2200 2396 2260 ad
2425 2204 2660 2281 Tempe
2691 2213 2790 2259 at·—

1777 2288 1924 2345 tinet
1966 2306 2318 2368 omnemque
2361 2290 2537 2349 istam
2588 2290 2790 2395 ¹regio-

1774 2390 1949 2447 nem,
2007 2371 2362 2431 consulenda
2388 2384 2532 2433 sunt
2559 2367 2788 2453 potissi-

1773 2476 1982 2533 mum,
2028 2478 2176 2540 quae
2205 2478 2282 2515 ex
2307 2458 2648 2536 Anglorum
2676 2456 2786 2516 do-

1778 2554 2007 2604 ctorum
2036 2540 2264 2622 clai-ke,
2293 2542 2582 2620 ΗοΙΙειιιᾶ,
2609 2545 2784 2604 Wal-

1774 2631 1942 2712 pole,
1985 2629 2285 2706 Hawkins,
2329 2631 2582 2689 anomm
2607 2633 2786 2688 itine-

1777 2715 1940 2774 rariis
2009 2713 2216 2776 hausta
2279 2715 2562 2794 leguntur
2622 2713 2786 2795 apud

1778 2790 2204 2860 Vaudoncourt.
2233 2800 2276 2859 l.
2304 2801 2351 2860 l.
2379 2821 2518 2882 pag.
2547 2801 2674 2867 295
2693 2835 2784 2846 —-

1729 2889 1736 2894 ’
1779 2889 1924 2961 312,
1951 2889 2053 2945 ubi
2097 2886 2171 2945 de
2181 2883 2491 2956 hodierno
2533 2887 2785 2966 regionis

1777 2981 1930 3030 statu
1971 2981 2237 3031 accurate
2265 2971 2552 3048 traditur,
2614 2971 2784 3030 adhi-

1731 3087 1734 3090 ⁴
1771 3056 1904 3116 bitis
1919 3076 2152 3139 quoque
2177 3055 2254 3115 ad
2279 3061 2784 3139 comparationem

1773 3151 2038 3202 veterum
2052 3145 2410 3220 testimoniis,
2419 3147 2606 3204 Plinii
2621 3164 2784 3223 prae-

1773 3231 1971 3287 sertim
1995 3230 2038 3289 l.
2065 3229 2109 3288 l.
2136 3229 2368 3288 Aeliani
2397 3231 2478 3290 V.
2507 3233 2584 3290 H.
2607 3231 2710 3306 ΠΙ,
2745 3233 2774 3292 1

1776 3324 1850 3389 et,
1881 3315 1983 3396 qui
2011 3317 2436 3375 accuratissime
2467 3315 2540 3375 de
2565 3314 2784 3374 hisex—

1771 3403 1983 3479 posuit,
2024 3399 2174 3460 Livii
2211 3400 2424 3478 xmv,
2471 3397 2536 3466 6.
2633 3401 2784 3472 oui-

1771 3485 1882 3544 bus
1909 3483 2043 3547 add.
2085 3483 2376 3549 Dodwell.
2417 3489 2464 3546 1.
2493 3489 2536 3545 l.
2565 3507 2630 3566 p-
2661 3489 2782 3550 198

1773 3589 1936 3653 seqq.
1979 3573 2280 3632 Hammer.
2307 3573 2374 3630 in
2397 3573 2646 3632 Annali.
2675 3571 2782 3630 ’δ”-

1773 3675 1910 3718 enn.
1965 3657 2228 3717 XXXIV
2267 3679 2328 3738 p.
2377 3656 2489 3722 47.
2577 3660 2780 3738 Neque

1769 3753 1969 3801 tamen
2009 3740 2187 3802 hodie
2215 3747 2450 3823 Tempe
2482 3763 2624 3802 eam
2649 3743 2778 3800 lau-

1775 3827 1911 3886 dem
1964 3833 2176 3888 mereri
2234 3840 2530 3905 asserunt,
2591 3830 2780 3907 magis

1775 3915 1934 3971 enim
1953 3907 2312 3974 horrendam
2343 3935 2412 3972 ac
2454 3917 2776 3974 terribilem

1774 4018 1952 4081 quam
1989 4001 2204 4060 laetam
2247 4011 2426 4082 atque
2449 3999 2774 4060 iucundam

1771 4087 2028 4165 speciem
2065 4087 2166 4144 illa
2209 4087 2526 4166 praebere3
2589 4089 2672 4144 ita
2710 4095 2772 4142 ut

1771 4167 2061 4254 hodieque
2074 4180 2300 4233 montes
2329 4173 2774 4252 aseptenttiono

1771 4256 2030 4316 faucium
2071 4259 2206 4316 sitos
2231 4257 2566 4336 &ansgredi
2596 4275 2770 4338 quan

1767 4341 1879 4400 iter
1917 4363 2024 4423 per
2062 4343 2275 4402 vallem
2299 4343 2502 4402 facere
2545 4343 2769 4402 malint.
