2967 5150
669 441 1676 514 TERPSIGHORE.
1763 457 1835 516 V.

2141 461 2228 524 ⁶5

289 619 608 704 σᾶμενος,
685 617 756 697 ἐς
807 614 1046 704 ἥντινα
1103 619 1232 704 γῆν
1271 617 1513 688 κτίσων
1562 619 1670 704 ἴῃ,
1729 615 1885 687 οὔτε
1940 622 2225 708 ποιήσας

259 719 498 788 Βοῦὅέν
539 725 692 786 τῶν
747 718 1228 804 νομιζομένων.

1316 715 1426 788 οἶα
1506 720 1579 787 δὲ
1660 723 1913 807 βαρέως
1968 724 2307 809 φέρων,45

305 820 476 890 extu
513 821 582 900 ἐς
633 818 771 906 τὴν
815 819 1082 906 Λιβύην
1143 819 1224 888 τὰ
1265 827 1466 890 πλοῖα
1486 845 1502 861 ·
1576 821 1973 910 κατηγέοντο
2027 825 2099 894 δὲ
2154 829 2223 892 οἱ

309 923 536 1007 ἄνδρες
605 925 924 1006 Θηραῖοι.
978 917 1376 1008 ἀπικόμενος
1425 919 1501 994 ’δ’
1545 921 1613 1003 ἐς
1656 927 1951 1002 Κίνυπα,
2014 930 2221 997 οἴκισε

301 1023 520 1112 χοῖρον
563 1023 928 1118 κάλλιστον
969 1028 1100 1092 τῶν
1141 1024 1442 1114 Λιβύων“
1472 1023 1655 1108 παρὰ
1694 1027 2025 1116 ποταμόν·
2100 1029 2219 1112 ἐξε-

207 1321 372 1400 't'net,
401 1320 746 1406 quofflde
774 1323 1068 1382 aDoricae
1083 1344 1231 1404 gen-

211 1413 278 1469 tis
317 1411 704 1470 incunabulis
746 1411 946 1467 omnia
987 1411 1110 1469 fere
1155 1409 1231 1470 ad

207 1495 482 1577 Delphos
537 1493 976 1577 Pythicumque
1019 1481 1228 1556 oraeu-

205 1583 366 1658 lum,
422 1591 496 1639 ut
542 1602 623 1640 ex
652 1599 772 1664 quo
811 1581 1010 1638 omnia
1082 1585 1226 1642 entis

207 1670 474 1726 instituta
503 1665 867 1748 prodierint,
911 1686 1028 1746 apu
1099 1669 1225 1728 Do·—

211 1775 296 1812 res
323 1754 756 1812 referebantur.
809 1751 1085 1834 Namque
1100 1753 1225 1836 Ly—

205 1857 468 1918 curgum
498 1837 770 1896 dicebant
798 1837 1096 1918 ePythiae
1125 1859 1225 1898 ore

205 1925 406 2003 leges,
471 1943 619 2004 quas
677 1923 976 2003 Spartanis
1031 1925 1226 2003 ferret,

207 2013 506 2090 accepisse
523 2055 540 2084 ,
572 2008 731 2068 unde
750 2013 911 2088 ipsae
939 2009 1098 2088 leges
1114 2034 1224 2072 πυ-

205 2093 552 2175 θόχρηστοι
565 2139 586 2170 ,
643 2093 704 2152 id
734 2093 899 2176 quod
923 2097 1224 2154 neminem

205 2183 406 2260 fugin
454 2199 526 2238 ae
569 2181 662 2238 vel
697 2191 892 2260 postea
921 2182 1226 2240 Laconum

205 2268 402 2324 rebus
478 2263 718 2343 publicis
787 2267 1090 2324 oraculum
1147 2269 1228 2326 ita

213 2367 500 2432 praeesse
525 2351 840 2428 putabatur,
855 2361 923 2409 ut
937 2369 1033 2410 eas
1063 2352 1228 2434 quasi

219 2455 454 2514 regere,
476 2455 874 2518 summamque
905 2452 1108 2496 earum
1119 2458 1226 2497 cu-

215 2541 352 2581 ram
367 2541 576 2601 gerere
589 2520 900 2598 videretur,
917 2525 1226 2603 magistra-

207 2618 428 2691 tusque
471 2606 820 2689 Pythici-um
863 2621 1052 2667 essent
1080 2629 1226 2668 con-

201 2696 394 2755 stituti
410 2739 429 2771 ,
487 2696 750 2755 maximo
797 2692 1024 2753 honore
1049 2714 1225 2775 prae-

203 2779 311 2839 diti
341 2791 678 2862 regumque
707 2798 776 2839 ac
805 2798 1015 2839 senum
1043 2800 1226 2839 asses-

202 2886 381 2941 sores,
403 2866 624 2949 quibus
651 2862 1076 2947 Delphicorum
1091 2886 1225 2925 ora-

203 2955 481 3011 culorum
496 2972 638 3010 oura
654 2960 776 3011 erat
785 2952 1061 3031 permissa
1078 2948 1227 3031 (vid.

203 3037 426 3099 Hemd.
461 3038 566 3109 qu
599 3038 682 3101 57
696 3036 746 3115 ).
831 3039 1037 3119 Neque
1067 3038 1226 3095 enim

203 3124 545 3207 quidquam
575 3122 808 3203 publice
835 3124 1225 3205 privatimque

201 3210 614 3292 suscipiebant
631 3208 922 3287 Spartani,
950 3209 1061 3267 nisi
1091 3228 1226 3267 ora-

203 3299 336 3357 culo
353 3293 658 3375 Delphico
675 3295 938 3353 consulto
954 3312 971 3369 3
986 3292 1048 3353 id
1066 3292 1226 3377 quod
1257 3316 1262 3323 ·

201 3384 262 3441 in
292 3384 540 3449 colonia
561 3376 871 3439 condenda
899 3398 1077 3461 quam
1091 3400 1226 3438 ma-

201 3472 364 3527 xime
379 3467 674 3537 valuisse,
704 3474 912 3545 sponte
928 3465 1113 3544 quivis
1127 3467 1226 3522 in-

203 3556 432 3635 telligit.
545 3554 756 3633 Itaque
809 3548 884 3609 de
927 3551 1224 3630 Spartanis

207 3640 454 3701 Doribus
465 3634 834 3717 Delphicum
864 3634 1041 3695 deum·
1071 3656 1218 3696 oon-

203 3728 528 3785 suleutibus
541 3720 842 3803 sigillatim
859 3715 1220 3805 valuiuquod

203 3812 260 3870 in
301 3815 660 3871 uuiversum
691 3806 796 3867 ‹de
843 3809 1077 3866 Graecis
1137 3809 1222 3867 ita

207 3892 530 3959 enuntiavit
543 3892 774 3955 'Cicero
804 3893 896 3951 De
927 3892 1106 3953 divin.
1141 3894 1217 3969 11,

207 3986 240 4045 1
270 3987 330 4055 §-
359 3991 436 4050 8:
496 4028 538 4061 „
556 3982 760 4054 Quam
792 3996 935 4037 vero
975 3980 1220 4037 Graecia

211 4070 490 4129 coloniam
518 4069 690 4128 misit
717 4068 784 4123 in
813 4064 1102 4137 Aeoliam,
1121 4066 1222 4122 Io·-

215 4155 376 4232 niam,
401 4160 630 4231 Asiam,
665 4150 958 4224 Siciliam,
973 4150 1220 4225 Italiam,

213 4239 326 4297 sine
359 4238 574 4325 Pythio
609 4248 730 4299 aut
765 4234 1094 4293 Dodonaeo
1124 4244 1222 4293 aut

207 4326 541 4389 Hammonis
573 4324 834 4386 oraculo
855 4315 890 4379 Ρ
932 4330 1036 4395 aut
1064 4319 1221 4403 quod

199 4412 408 4477 bellum
459 4421 828 4491 susceptum
868 4406 943 4465 ab
988 4421 1060 4463 eo
1099 4406 1222 4465 sine

271 4503 628 4565 Hunno-r.
657 4496 778 4556 ΙΙΙ.

1311 1327 1551 1386 consilio
1581 1325 1825 1386 deorum
1856 1325 2045 1391 est?“
2100 1335 2200 1393 Tu
2229 1335 2304 1394 cf,

1311 1410 1386 1473 de
1425 1412 1517 1471 his
1561 1413 1628 1472 C.
1674 1413 1744 1472 Ο.
1782 1417 2011 1488 Miiller.
2050 1419 2191 1478 Dor.
2226 1423 2302 1494 11,

1313 1501 1394 1562 17
1431 1519 1598 1580 seqq.
1636 1501 1668 1558 1
1704 1519 1766 1580 p.
1804 1500 1912 1564 57.
1951 1507 2094 1566 187.
2137 1506 2205 1564 C.
2232 1507 2301 1564 1³¹.

1299 1579 1628 1644 Hermann.
1670 1577 1983 1644 Leli'rbuch
2011 1585 2069 1646 d.
2084 1587 2302 1669 griech-

1305 1667 1727 1730 Staatsalterth.
1774 1672 1832 1742 §.
1872 1675 1957 1736 23
1998 1685 2124 1732 not.
2155 1679 2195 1739 9
2246 1687 2303 1734 et

1307 1755 1367 1826 §-
1411 1757 1496 1820 75
1536 1765 1658 1814 not-
1702 1751 1765 1819 4.
1816 1753 1923 1814 eh.
1964 1757 2033 1816 F.
2062 1759 2305 1840 Wilster

1267 1885 1274 1896 .
1303 1839 1394 1897 De
1423 1841 1685 1920 relig-ion.
1718 1851 1776 1899 et
1815 1843 2033 1902 oracul.
2080 1845 2309 1924 Apolli-

1305 1928 1395 1984 nis
1436 1923 1705 2006 Delphici
1748 1925 1977 2003 (Havn.
2008 1931 2203 2008 1827)
2233 1932 2305 1992 Ρ.

1305 2013 1335 2068 I
1365 2013 1424 2082 §.
1456 2011 1537 2076 34
1566 2031 1701 2090 pag.
1730 2013 1813 2074 78
1843 2033 2005 2094 seqq.
2033 2043 2120 2058 ——
2160 2007 2305 2076 Mox

1307 2117 1444 2154 cum
1475 2093 1811 2174 Schweigh.
1840 2108 1898 2155 et
1924 2099 2101 2157 Gaisf.
2131 2120 2306 2180 repo-

1308 2183 1400 2240 sui
1431 2181 1517 2264 ἴῃ,
1563 2179 1722 2263 quod
1751 2177 1919 2242 offert
1948 2185 2198 2264 optimus
2224 2188 2302 2244 Β.

1307 2267 1414 2326 ber
1469 2267 1855 2326 Florentinus.
1964 2269 2304 2330 Goniunoti—

1307 2371 1414 2414 vus
1443 2352 1602 2410 euim
1630 2353 1691 2411 in
1718 2354 2170 2432 interrogatione
2188 2378 2303 2437 po-

1305 2441 1482 2513 nitur,
1514 2449 1579 2496 ut
1590 2439 1636 2513 I,
1650 2440 1752 2512 53,
1781 2439 1884 2498 ubi
1911 2439 2029 2499 vid.
2046 2445 2329 2502 nott.VI.=

1307 2523 1412 2588 35.
1469 2523 1746 2583 Probavit
1788 2525 1862 2584 G.
1892 2527 2212 2587 Hermann.
2238 2530 2303 2587 in

1305 2611 1555 2691 Opusoc.
1582 2610 1665 2667 IV
1736 2627 1828 2689 ag.
1862 2610 1965 2673 90.

1392 2688 1531 2757 οὔτε
1546 2716 1693 2775 ποιη
1703 2712 1811 2767 σας
1837 2687 2021 2757 ου’δὲν
2044 2697 2168 2759 τῶν
2200 2720 2309 2760 νο·

1305 2776 1685 2861 μιζομένων]
1730 2778 2001 2857 Neglexit
2027 2782 2305 2843 nimirum

1304 2866 1406 2924 ille
1444 2868 1643 2924 omnia
1670 2886 1771 2941 ea,
1833 2883 1982 2946 quae
2024 2886 2059 2925 a
2087 2870 2305 2929 civibus

1309 2950 1385 3010 ad
1425 2951 1716 3015 coloniam
1763 2948 2133 3011 condendam
2160 2974 2303 3034 pro-

1307 3036 1695 3096 ficiscentibus
1721 3035 1827 3095 rite
1856 3036 1979 3095 fieri
2019 3037 2300 3115 solebant,

1306 3142 1468 3181 sacra
1508 3122 1769 3201 publica,
1813 3122 1954 3181 ritus
1996 3124 2302 3199 solemnes,

1309 3208 1419 3267 alia
1447 3207 1512 3269 id
1539 3226 1723 3287 genus
1743 3253 1759 3283 ,
1803 3205 1877 3266 de
1906 3208 2115 3291 quibus
2144 3210 2301 3269 conf.

1306 3291 1524 3353 Herod.
1554 3296 1601 3369 Ι,
1636 3294 1755 3359 146
1792 3294 1878 3350 ibi
1923 3338 1938 3353 .
1968 3304 2117 3353 nott.
2144 3305 2203 3353 et
2232 3296 2301 3355 c,

1305 3380 1374 3439 F.
1436 3382 1759 3438 Hermann.
1812 3378 1863 3436 L
1942 3378 2146 3438 rbueh.
2190 3392 2301 3440 eto.

1306 3466 1366 3537 §.
1408 3466 1491 3530 75
1541 3474 1665 3523 not.
1695 3468 1756 3528 3.
1784 3494 1873 3507 -—
1941 3464 2085 3523 Mox
2115 3456 2301 3544 ἆπίει,

1302 3560 1371 3609 ut
1401 3548 1545 3625 ἐξίει
1563 3552 1608 3626 Ι,
1625 3554 1684 3623 6,
1714 3546 1817 3609 ubi
1830 3546 1949 3609 vid.
1976 3561 2123 3610 nott.
2141 3543 2301 3613 οἷνίει

1299 3638 1402 3710 111,
1433 3638 1575 3710 109,
1619 3635 1750 3696 alla.
1834 3636 2018 3714 Magis
2056 3635 2301 3697 advertit

1302 3724 1455 3782 celer
1468 3722 1735 3779 transitus
1749 3738 1782 3777 a
1790 3714 2299 3803 praesentifflnlu)

1303 3808 1380 3867 ad
1461 3808 1837 3887 praeteritum
1904 3806 2297 3888 κατηγέοντος

1303 3912 1664 3977 quamquam
1702 3892 1766 3949 in
1808 3892 2107 3952 Herodoto
2160 3894 2296 3951 talia

1300 3981 1496 4037 minus
1538 3974 1835 4036 offendere
1864 3977 2096 4038 debent.
2160 3976 2295 4037 vid.

1301 4066 1473 4123 allata
1504 4062 1579 4122 ad
1603 4063 1675 4139 V,
1706 4060 1812 4127 55·

1386 4146 1747 4229 κατηγέοντο
1770 4144 1836 4207 δὲ
1854 4146 1919 4208 οἴ
1933 4140 2153 4227 ἄνδρες
2169 4144 2296 4223 Θη-

1304 4232 1509 4317 ραῖοιῙ
1548 4232 1810 4293 Theraeos
1837 4232 1989 4291 viros
2020 4230 2296 4291 exstitisse
2354 4269 2357 4272 -

1304 4320 1480 4381 duces
1535 4316 1696 4379 haud
1761 4319 2013 4393 mirum3
2086 4316 2303 4398 quippo

1303 4423 1557 4490 quorum
1596 4404 1855 4465 maxime
1896 4402 2091 4463 floruit
2132 4373 2301 4459 comg-
