2967 5150
816 448 1541 507 POLYMNIA.
1626 448 1783 507 vn.

2123 449 2255 513 om

339 612 533 701 „aspi
576 613 698 701 μὲν
741 612 1086 683 σπονδέων
1128 611 1422 683 ἀνοίσειν
1453 612 1521 693 ἐς
1544 610 1705 694 τοῦς
1733 615 2025 691 πλεῦνας
2040 634 2057 655 ·
2100 614 2255 700 περὶ

339 717 458 802 „dt
496 713 853 805 ἡγεμονίης
883 712 1148 787 αὐτοῖσι
1171 714 1561 787 ἐντετάλθαι
1596 712 2111 800 ὑποκρίνασθαι,
2142 716 2257 784 καὶ
2270 728 2341 781 50

341 816 472 907 „dn”
524 817 737 905 λέγειν
759 868 778 901 ,
833 821 954 907 σφὶ
995 819 1116 907 μὲν
1187 817 1358 889 εἶναι
1388 816 1513 887 δύο
1545 814 1869 904 βασιλέας,
1910 812 2259 902 Ἀργείοισι

342 922 460 1005 „oh
502 920 660 989 ἕνα·
707 918 935 990 οὔκων
978 922 1269 993 δυνατὸν
1296 918 1469 991 εἶναι
1500 924 1638 988 τῶν
1677 917 1751 986 ἐκ
1783 914 2104 1005 Σπάρτης
2144 916 2257 987 οὖ-

302 1036 342 1090 3
357 1025 668 1110 ,βέτερον
708 1028 964 1094 παῦσαι
1017 1029 1134 1114 τῆς
1171 1024 1547 1113 ἡγεμονίης.
1632 1021 1793 1109 μετὰ
1836 1021 1909 1089 δὲ
1951 1018 2078 1102 δύο
2120 1024 2257 1089 τοῖν

347 1126 728 1215 ‚flamiam
788 1123 1154 1216 ὁμόψηφον
1195 1128 1316 1198 τὸν
1364 1122 1663 1213 'adoratos'
1720 1118 1890 1191 εἶναι
1906 1174 1925 1207 ,
1976 1120 2259 1191 κωλύειν

300 1227 658 1314 4ζ,,οὖδέν.“
750 1228 944 1299 Οὕτω
981 1228 1064 1319 δὴ
1097 1232 1166 1299 οῖ
1197 1226 1478 1319 Ἀργεῖοί
1497 1241 1667 1315 φασι
1694 1224 1821 1295 οὐκ
1854 1222 2258 1312 ἀνασχέσθαι
2272 1237 2343 1291 55

345 1488 621 1560 ἆνοίσειν
671 1494 734 1568 ἐς
776 1488 925 1567 τους
958 1494 1256 1570 πλεῦνας]

259 1582 301 1643 i.
358 1601 412 1646 e.
468 1581 702 1685 referre
721 1580 799 1639 ad
855 1579 1258 1659 Spartanorum

259 1670 558 1725 concionem
583 1686 628 1727 s.
661 1658 861 1737 ἆλίαν,
886 1685 1065 1744 penes
1081 1684 1261 1748 quam

261 1760 390 1810 erat
417 1750 492 1811 de
515 1771 660 1832 paee
687 1753 986 1833 belloque,
1049 1749 1126 1811 de
1165 1752 1264 1809 in-

263 1836 452 1897 duciis
511 1836 955 1920 foederibusque
1025 1838 1150 1899 aliis
1199 1834 1266 1897 id

261 1942 448 2003 genus
473 1922 742 1983 ineundis
769 1922 1098 1984 decernere.
1169 1922 1262 1982 Cf.

265 2010 330 2069 G.
362 2010 432 2069 0.
461 2011 693 2069 Miiller.
720 2013 863 2068 Dor.
890 2011 1022 2089 up.
1042 2012 1143 2075 88.
1172 2012 1263 2067 De

262 2096 442 2155 verbo
499 2089 776 2158 ἀνοίσειν
821 2094 974 2155 conf.
1025 2097 1074 2171 1,
1121 2094 1263 2160 157.

261 2182 620 2257 111‚71·—
653 2182 770 2238 Pro
794 2180 1090 2261 βασιλῆας
1129 2178 1264 2238 dedi

259 2262 567 2347 βασιλέας.

351 2346 562 2413 οὔκων
611 2343 872 2412 δυνατόν
901 2342 1181 2425 elmar.

249 2436 389 2515 fieri
407 2438 588 2511 igitur
627 2454 734 2495 non
756 2453 943 2513 posse,
985 2438 1050 2493 ut
1094 2434 1268 2493 alter-

267 2524 451 2581 utrum
485 2538 664 2598 regem
707 2522 928 2599 imperio
969 2522 1266 2600 privarent.

261 2608 512 2666 Miratur
534 2604 650 2666 hoo
681 2603 1060 2666 Valckenaer.
1083 2609 1158 2666 ob
1185 2607 1266 2665 le-

261 2711 402 2774 gem
459 2693 530 2768 V,
589 2691 674 2756 75
731 2703 1265 2770 oouunemoratam,

262 2777 381 2861 quii
438 2798 520 2837 ex
557 2775 785 2836 duobus
847 2779 1268 2858 Spartanorum

263 2865 496 2943 regibus
523 2881 677 2922 unus
709 2874 942 2923 tantum
970 2863 1088 2924 hoo
1111 2875 1267 2923 tem·-

265 2969 408 3030 pore
449 2949 688 3010 duceret
721 2953 1042 3009 exercitum
1054 2999 1074 3028 ‚
1124 2953 1272 3010 alter

268 3035 430 3094 domi
456 3045 756 3112 maneret3
783 3037 895 3094 nisi
921 3037 1162 3095 omnino
1185 3035 1268 3094 ita

267 3123 618 3202 praetexisse
644 3120 888 3200 putandi
928 3123 1043 3180 siut
1075 3121 1266 3201 Spar-

189 3231 198 3240 ·
267 3207 413 3281 tani,
443 3224 562 3286 quo
589 3207 800 3263 melius
825 3225 1124 3264 summum
1153 3209 1272 3264 im-

267 3291 503 3372 perium
521 3292 585 3348 in
600 3291 784 3349 socios
811 3291 921 3349 sibi
933 3307 1272 3352 conoessum

270 3387 472 3436 eontra
478 3377 827 3454 Argivorum
842 3377 1127 3455 postulata
1139 3387 1274 3436 tue-

270 3473 496 3521 rentur.
529 3460 701 3520 Idem
719 3463 963 3520 miratur
989 3461 1273 3523 Valcken-

272 3567 429 3631 quae
471 3545 570 3607 hio
626 3545 702 3606 de
750 3547 1105 3627 Argivorum
1148 3567 1278 3628 rege

272 3631 597 3707 traduntur,
627 3633 792 3692 ouius
820 3635 922 3694 vix
935 3633 1054 3692 ulla
1063 3643 1276 3716 potue-

274 3721 352 3778 111
393 3737 515 3780 esse
552 3718 668 3778 hoo
709 3727 975 3798 tempore
1019 3721 1274 3778 auotori-

271 3815 362 3864 tas
389 3805 451 3862 111
473 3815 648 3884 gente
673 3805 947 3865 libertatis
976 3814 1034 3863 et
1054 3823 1276 3888 aequa-

275 3889 450 3950 litatis
497 3887 606 3973 (ut
641 3900 880 3950 testatur
915 3893 1272 3968 Pausau.11‚

279 3978 360 4039 19
395 3977 453 4047 §0
485 3975 558 4054 2)
601 3975 1025 4038 studiosissima.
1069 3981 1276 4037 Narrat

273 4061 556 4118 1111111111111
597 4063 906 4122 Pausanias
924 4107 942 4140 ,
1005 4064 1272 4144 Argivos,

277 4163 398 4228 quo
454 4146 670 4205 fuerint
709 4149 982 4208 libertatis
1023 4160 1082 4208 et
1135 4151 1276 4210 iuris

276 4231 594 4313 aequabilis
643 4231 832 4293 studio
877 4237 1118 4311 incensi,
1180 4252 1280 4293 re-

277 4317 440 4396 giam
483 4328 825 4398 potestatem
865 4337 938 4379 eo
965 4338 1150 4402 usque
1180 4321 1282 4380 1114

278 4403 556 4464 111111111118
572 4447 591 4478 ,
647 4413 713 4464 ut
752 4406 837 4464 nil
875 4407 1000 4464 fere
1026 4405 1137 4466 nisi
1163 4423 1278 4466 no-

1338 1508 1480 1549 meu
1528 1489 1601 1548 sit
1649 1488 1937 1549 relietum.
2021 1490 2117 1549 Ab
2156 1491 2345 1549 Hera-

1341 1574 1506 1635 olidis
1536 1575 1695 1633 enim
1734 1575 2207 1655 Peloponnesum
2246 1576 2347 1633 in-

1343 1661 1547 1743 gressis
1573 1658 1877 1719 conditum
1904 1661 2051 1740 Argi
2076 1678 2344 1739 regnum,

1343 1749 1561 1809 sensim
1613 1747 1945 1829 sensitnque
2010 1756 2345 1827 temporum

1347 1832 1596 1893 decursu
1611 1877 1630 1910 ,
1671 1842 1738 1891 ut
1761 1832 1847 1909 fit,
1876 1831 2210 1891 diminitum
2238 1852 2351 1891 aue

1349 1920 1613 1979 ctoritate
1638 1936 1743 1977 sua
1765 1963 1784 1995 ,
1813 1936 2120 2000 uunquam
2146 1928 2347 1977 tamen

1347 2018 1579 2086 prorsus
1615 2006 1960 2084 abrogatum
1984 2005 2113 2083 fuit,
2170 2004 2349 2084 Argi-

1347 2092 1434 2151 vis
1490 2090 1773 2169 religione
1829 2088 2084 2172 quadam
2138 2091 2351 2149 obstri-

1349 2176 1452 2237 otis
1465 2220 1482 2252 ,
1535 2194 1687 2258 quae
1712 2174 2036 2235 istiusmodi
2076 2176 2349 2235 institutis

1348 2282 1383 2321 e
1453 2262 1643 2341 priseo
1710 2272 1974 2342 tempore
2056 2258 2347 2321 adhaesit:

1348 2363 1712 2431 quamquam
1753 2348 1979 2407 nullam
2022 2348 2147 2407 fere
2202 2348 2351 2429 regii

1347 2436 1606 2493 muneris
1662 2437 2063 2493 auctoritatem
2095 2442 2153 2493 et
2176 2444 2353 2513 pote·-

1349 2530 1557 2580 statem
1594 2520 1769 2580 fuisse
1795 2522 1859 2578 in
1908 2522 2079 2580 rebus
2101 2520 2349 2600 publicis

1353 2605 1621 2666 curandis
1663 2608 1961 2687 probabile
2010 2615 2113 2665 est.
2196 2607 2349 2664 Hinc

1350 2691 1829 2769 Damocmti'dam3
1872 2692 2224 2771 Argivorum
2252 2711 2351 2749 re·-

1351 2795 1491 2858 gem
1513 2826 1530 2854 ‚
1588 2777 1727 2838 belli
1752 2779 2057 2838 Messenioi
2110 2774 2352 2836 secundi

1349 2873 1615 2944 tempore
1636 2909 1654 2942 ,
1711 2873 2001 2924 memorat
2039 2863 2351 2923 PausanIas

1329 2951 1448 3026 ·1v‚
1494 2948 1595 3026 35,
1632 2955 1708 3026 23
1791 2959 2065 3033 reeteque
2094 2949 2169 3010 ad
2197 2949 2352 3010 hano

1350 3036 1750 3115 legitimorum
1776 3055 1987 3116 regum
2013 3039 2252 3118 stirpem
2282 3037 2351 3099 0.

1353 3123 1420 3183 Ο.
1447 3123 1677 3179 Miiller.
1720 3122 2015 3202 Aeginett.
2058 3145 2115 3202 p.
2151 3123 2233 3186 52
2262 3142 2357 3180 re·-

1351 3207 1466 3265 fert
1494 3203 1801 3282 Phaonem,
1846 3211 2077 3286 tyranni
2110 3209 2355 3265 nomine

1355 3297 1627 3350 ornatum
1654 3291 1810 3370 apud
1829 3290 2047 3352 Herod.
2062 3294 2160 3368 Vl,
2194 3295 2351 3357 127:

1353 3374 1515 3435 unde
1553 3388 1753 3436 tamen
1796 3379 2039 3436 minime
2070 3379 2355 3437 coniioere

1356 3464 1495 3522 lieet
1508 3508 1524 3539 ‚
1588 3483 1727 3522 eum
1769 3465 1833 3522 1ι1
1886 3464 2067 3523 libera
2124 3466 2355 3523 civitate

1356 3567 1656 3608 summum
1685 3549 1793 3608 sibi
1829 3551 2133 3630 arripuisse
2160 3552 2355 3631 impe-

1356 3636 1531 3698 rium.
1630 3637 1901 3718 Namque
1927 3631 2295 3718 τύραννος-1
2274 3637 2356 3696 ibi

1355 3718 1517 3779 idem
1558 3722 1743 3780 ferme
1781 3723 1935 3781 valet
1975 3733 2149 3804 atque
2179 3724 2359 3804 βασιέ

1354 3801 1518 3882 λεύς.
1603 3806 1700 3867 Ad
1734 3825 1948 3868 vocem
1977 3805 2091 3874 δύο
2121 3809 2198 3870 of.
2223 3810 2351 3886 vn,

1447 3972 1625 4041 Οὕτω
1669 3973 1747 4060 δη
1780 3977 1845 4042 οἱ
1898 3972 2169 4062 Ἀργεῖοί
2202 3997 2353 4058 φασι

1357 4085 1418 4125 κ.
1445 4085 1498 4126 τ.
1511 4065 1655 4141 λ]
1661 4066 1789 4138 ,Hio
1816 4065 1889 4122 ab
1914 4065 2145 4144 Argivis
2172 4057 2355 4123 tradi-

1358 4159 1483 4209 tam
1554 4171 1681 4211 των
1742 4147 2179 4231 Σπαρτιητέων
2238 4147 2361 4230 τήν

1358 4236 1714 4315 πλεονεξίην
1752 4237 1915 4293 iliam
1947 4231 2221 4316 equidem
2246 4257 2357 4297 ve-

1359 4334 1489 4380 ram
1530 4321 1703 4380 fuisse
1731 4338 1965 4379 causam
1979 4321 2235 4400 arbitror,
2252 4341 2358 4384 eur

1357 4405 1515 4468 bello
1556 4405 1671 4466 hoe
1711 4406 1941 4466 Persico
1984 4409 2179 4469 neutri
2205 4409 2357 4489 parti
