2967 5150
797 462 1516 525 PonYMNIA.
1599 464 1757 527 vll.
2115 464 2248 531 ⁶25

336 629 713 717 ἐπεθύμησε
732 626 1003 709 πλώσας
1046 626 1425 717 θεήσασθαι
1452 625 1581 717 τήν
1621 624 1908 717 ἐκβολὴν
1932 632 2060 697 τοῦ·
2101 632 2244 717 Πη-

331 736 557 802 νειοῦ·
602 732 707 799 ὅτι
747 730 869 818 τὴν
912 728 1053 801 ἄνω
1096 729 1264 801 ὁδόν
1305 732 1526 816 ἔμελλε
1579 730 1737 801 ἐλᾶν
1779 730 1892 801 διὰ
1933 729 2243 802 Μακεδό-

331 860 497 917 νων,
541 838 679 902 τῶν
718 832 1092 919 κατύπερθε
1134 832 1528 923 οἰκημένων,
1569 832 1637 913 ἐς
1667 834 2085 922 Περὁιβούς
2121 841 2326 906 ποι-,45

333 936 419 1025 ρὰ
482 936 753 1009 Γόννον
790 934 989 1008 πόλιν
1004 961 1021 979 ·
1076 936 1285 1027 ταύτῃ
1324 935 1455 1024 γάρ
1497 932 2000 1024 ἀσφαλέστατον
2040 936 2240 1007 ἐπυν-

252 1252 494 1314 Accedit
520 1256 717 1331 etiam,
760 1250 920 1335 quod
946 1253 1055 1311 ista
1094 1253 1255 1333 reg-io

251 1360 411 1401 nunc
464 1342 723 1399 maxime
764 1340 1069 1399 insalubris
1110 1358 1255 1397 cen-

251 1436 406 1488 setur
446 1426 810 1508 minimeque
838 1435 960 1483 tuta
988 1425 1253 1504 peregri-

249 1512 565 1570 natoribus.
638 1510 807 1571 Conf-
831 1506 1251 1569 Vaudonco‘urt

247 1598 291 1656 1.
318 1597 361 1656 l.
384 1617 523 1677 pag.
557 1594 700 1661 842.
742 1596 1157 1677 Poucqueville
1198 1596 1246 1671 1,

252 1686 285 1745 1
321 1702 415 1763 cp.
444 1686 527 1747 76
554 1700 691 1761 pag.
720 1676 866 1745 404.
948 1682 1136 1739 Aliter
1154 1682 1247 1739 vi-

251 1765 423 1826 detur
482 1766 767 1826 Dodwell.
820 1763 862 1825 l.
900 1764 942 1824 l.
1008 1767 1249 1825 laetissi-

248 1870 416 1911 mam
468 1853 627 1911 illam
674 1853 976 1931 regionem
1003 1870 1248 1911 accura-

248 1940 364 1997 tius
419 1934 790 2014 describenti,
853 1956 1033 2020 quam
1085 1955 1247 1997 nuno

250 2024 525 2105 appellari
558 2022 833 2103 Tzampas
861 2020 1039 2083 addit.
1124 2024 1244 2081 Per

246 2108 513 2168 medium
562 2128 776 2169 aevum
813 2108 1073 2169 faucibus
1129 2128 1247 2167 no-

246 2214 389 2253 men
429 2194 783 2273 Lycastom03
846 2212 882 2251 a
923 2194 1135 2253 Turcis
1166 2194 1245 2253 il—

246 2280 342 2340 lae
354 2282 684 2341 vocitantur
710 2277 945 2355 Bogus:
988 2299 1106 2360 qua
1118 2280 1243 2359 ipsa

247 2385 400 2425 voce
444 2362 640 2442 fauces
680 2360 967 2440 designari
1010 2384 1059 2422 s.
1098 2367 1246 2423 viam

249 2455 564 2526 ang-ustam,
606 2454 813 2508 arctam
841 2458 1117 2507 asserunt.
1156 2450 1245 2508 Ac

250 2554 395 2594 sane
424 2534 473 2592 si
497 2532 671 2593 totius
695 2533 948 2613 regionis
990 2532 1247 2594 indolem

248 2629 495 2700 spectes,
541 2617 737 2699 fauces
791 2620 983 2698 potius
1038 2617 1247 2680 dixeris

246 2707 484 2785 Tempe
514 2725 693 2787 quam
720 2705 967 2779 vallem·;
1000 2707 1247 2784 persan-

246 2811 345 2853 ces
406 2793 566 2849 enim
616 2809 819 2876 ⁸aquae
878 2788 1246 2851 Thessalicae

248 2879 475 2936 exitum
500 2885 857 2957 repererunt,
900 2887 957 2935 et
984 2897 1091 2956 per
1118 2897 1251 2937 eas-

252 2961 391 3023 dem
418 2963 615 3022 fauces
650 2963 714 3020 iu
759 2959 1095 3022 Thessaliae
1123 2973 1249 3022 tra-

249 3059 375 3110 ctus
410 3049 705 3108 interiores
748 3049 1050 3128 pervenire
1091 3049 1247 3123 licet,

250 3154 393 3217 quas
434 3135 831 3214 contemplans
866 3135 1091 3200 Xerxes
1120 3135 1253 3192 exi·—

248 3231 495 3302 tumque
522 3221 739 3293 Penei,
780 3220 1251 3298 angustissimum

254 3307 425 3365 illum
447 3303 687 3387 quidem
714 3305 985 3386 utrinque
998 3303 1255 3362 saxisal-

248 3393 321 3452 tis
360 3393 652 3450 inclusum
666 3435 683 3464 ,
712 3387 1031 3469 adspiciens
1044 3431 1061 3462 ‚
1116 3407 1253 3448 ma-

248 3479 413 3537 xima
454 3473 834 3535 admiratione
861 3475 1127 3554 abreptus
1154 3475 1255 3533 fu-

248 3565 360 3623 isse
386 3565 513 3622 iure
542 3560 789 3622 dicitur:
852 3557 920 3622 ἐν
967 3552 1253 3640 θωύματι

252 3644 489 3732 μεγάλῳ
520 3645 803 3726 {vineto-
892 3642 1062 3718 Quod
1090 3643 1249 3703 idem

251 3735 421 3793 nobis
446 3735 754 3812 contigisse
788 3729 1071 3807 fatemur,
1111 3723 1249 3790 cu‘m

250 3819 317 3878 in
371 3815 831 3899 splendidissimo
876 3835 1051 3895 opere
1104 3817 1241 3875 Lib.

244 3907 465 3966 namn.
524 3901 597 3964 de
656 3899 1053 3982 Stackelberg.
1122 3901 1249 3982 (La

247 3991 461 4050 Grece.
544 3990 697 4048 Vues
750 3989 1130 4069 pittoresques
1189 3997 1248 4046 et

243 4073 755 4156 topographiques,
827 4073 989 4132 Paris
1082 4073 1240 4136 1831

244 4163 383 4235 fol.)
442 4162 853 4241 inspiceremus
891 4159 1115 4218 tabulas
1154 4158 1247 4217 la-

242 4247 374 4330 pidi
424 4247 663 4320 incisas,
716 4247 779 4302 in
808 4245 1015 4326 quibus
1062 4243 1245 4302 Penei

242 4331 413 4392 fluvii
454 4343 648 4392 cursus
668 4375 685 4404 ,
726 4331 965 4412 ipsaque
992 4329 1242 4407 Tempe,

242 4417 536 4500 oppidum
558 4419 801 4477 Gonnus
811 4435 861 4475 s.
888 4413 1071 4490 Baba,
1096 4415 1245 4474 aliae

338 4505 676 4564 linono-r.
704 4502 811 4560 m.

1332 1248 1506 1313 huius
1531 1252 1782 1333 regionis
1808 1265 2016 1334 partes,
2057 1257 2326 1319 luculen-

1332 1339 1550 1399 tissime
1605 1338 1682 1397 ad
1735 1342 2038 1401 oculorum
2087 1362 2327 1403 sensum

1334 1420 1624 1483 exhibitae
1653 1434 1808 1485 sunt.

1416 1502 1513 1572 ὅτι
1566 1503 1679 1587 τήν
1738 1504 1870 1571 ἅνω
1920 1504 2064 1573 ὄδόν
2125 1508 2326 1590 ἔμελλε

1329 1590 1530 1671 ἐλᾶν]
1601 1592 1649 1674 ἦ
1709 1589 1840 1655 ἅνω
1889 1590 2036 1669 ὄδὸς
2097 1595 2324 1675 dicitnr,

1329 1697 1480 1761 quae
1533 1698 1640 1759 per
1682 1680 2100 1739 mediterranea
2129 1681 2324 1759 ducit,

1328 1784 1515 1846 eaque
1551 1775 1849 1840 montosa,
1889 1764 1942 1823 si
1995 1764 2236 1848 quidem
2281 1764 2328 1850 ἦ

1326 1844 1493 1911 κάτω
1537 1846 1678 1925 ὁδὸς
1717 1870 1789 1909 ea
1827 1860 1940 1927 est,
1983 1866 2136 1934 quae
2161 1854 2326 1913 iuxta

1325 1953 1490 1994 mare
1519 1933 1695 1995 ducit.

1415 2018 1477 2094 ἐς
1506 2014 1918 2101 Περόαιβοΰς]
1937 2020 2133 2083 Minus
2146 2032 2322 2101 recte,

1324 2106 1614 2189 plerisque
1642 2106 1795 2166 libris
1822 2108 2012 2167 invitis
2029 2152 2048 2184 ,
2102 2110 2326 2190 Περαι-

1326 2183 1502 2272 βούς.
1585 2191 1673 2249 De
1720 2210 1836 2273 qua
1864 2193 2017 2251 vocis
2045 2194 2328 2275 scriptura³

1322 2287 1553 2357 praeter
1575 2275 1840 2337 Eustath.
1881 2274 1958 2335 ad
1983 2276 2146 2339 Iliad.
2185 2298 2324 2359 pag.

1329 2358 1451 2427 835
1482 2381 1538 2439 p.-
1567 2360 1712 2436 254,
1756 2366 1832 2427 10
1861 2374 2107 2443 egerunt
2131 2366 2316 2425 inter-

1326 2457 1514 2527 pretes
1551 2444 1887 2529 Thucydid.
1928 2449 2027 2525 IV,
2068 2451 2150 2513 78
2191 2450 2322 2511 coll.

1325 2531 1569 2594 Diodor.
1596 2534 1704 2610 xl,
1725 2536 1766 2597 3
1793 2543 1854 2593 et
1883 2552 1917 2592 a
1943 2532 2325 2599 Friedeman-

1327 2637 1408 2677 no
1422 2619 1579 2678 citati
1594 2618 1667 2679 ad
1681 2619 1948 2680 Strabon.
1964 2619 2322 2687 Commentt.

1327 2705 1358 2761 1
1382 2723 1520 2785 pag.
1545 2700 1690 2768 430.
1737 2701 1920 2764 Sedes
1945 2707 2150 2783 gentis,
2171 2723 2324 2788 quae

1330 2789 1471 2850 olim
1515 2787 1590 2849 ad
1631 2789 1896 2848 Peneum
1921 2791 2324 2874 Larissamque

1328 2873 1641 2952 habitabat,
1680 2887 1880 2958 postea
1905 2879 2092 2956 magis
2118 2877 2194 2938 ad
2227 2899 2324 2938 se-

1328 2963 1719 3042 ptentrionem
1766 2961 2130 3044 quaerendae
2184 2973 2324 3024 sunt

1332 3044 1407 3105 ad
1420 3046 1676 3107 Pindum
1688 3049 1951 3108 m‘ontem
1966 3067 2034 3106 ea
2045 3051 2108 3108 in
2125 3047 2323 3110 Thes-

1331 3133 1506 3191 saliae
1531 3142 1713 3212 parte‚
1744 3151 1892 3214 quae
1920 3131 2323 3194 Macedoniam

1331 3235 1516 3298 usque
1545 3218 1876 3294 attingebat.
1941 3219 2110 3277 Nunc
2138 3227 2322 3278 terrae

1331 3321 1551 3360 nomen
1579 3303 1807 3378 Zagori'.
1890 3300 2022 3360 vid.
2050 3304 2321 3364 Strabon-

1328 3389 1420 3446 IX
1446 3407 1507 3468 p.
1537 3389 1684 3452 671.
1727 3381 1853 3452 674
1881 3404 2001 3468 seq.
2028 3407 2076 3448 s.
2103 3407 2164 3469 p.
2193 3387 2322 3455 439

1328 3493 1453 3555 seq.
1480 3469 1610 3537 442
1637 3471 1767 3532 coll.
1810 3473 2094 3533 Mannert.
2127 3475 2234 3535 vn
2258 3495 2320 3556 p.

1332 3559 1478 3624 522·
1508 3557 1652 3622 ⁵620

1414 3637 1582 3723 παρὰ
1613 3637 1850 3705 Γόννον
1885 3633 2106 3722 πόλιν]
2167 3643 2318 3705 Gon—

1329 3748 1431 3788 nus
1470 3728 1607 3786 urbs
1656 3725 1810 3804 (sive
1841 3727 2062 3808 Gonni)
2103 3730 2166 3788 in
2191 3731 2320 3811 ipso

1330 3815 1588 3874 faucium
1603 3857 1620 3887 ‚
1651 3831 1802 3894 quae
1839 3814 2070 3896 Tempe
2099 3835 2320 3878 vocan-

1328 3909 1441 3974 tur,
1481 3899 1722 3958 introitu
1765 3901 1874 3958 sita
1913 3897 2169 3984 indeque
2207 3921 2328 3982 po·-

1327 3995 1477 4046 stero
1516 3984 1788 4058 aevo,ubi
1813 3986 2061 4046 crebrius
2087 4005 2320 4046 memo-

1328 4079 1488 4130 ratur
1527 4072 1591 4128 in
1619 4071 1780 4129 bellis
1807 4069 2198 4130 Macedonum
2226 4079 2319 4130 at·-

1330 4175 1443 4238 que
1470 4159 1888 4230 Romanorum,
1920 4156 2066 4215 bene
2093 4155 2320 4215 munim

1325 4241 1455 4304 fuit.
1537 4240 1670 4300 Vid.
1711 4243 1999 4302 Mannert.
2037 4241 2144 4299 vn
2181 4257 2319 4324 pag.

1327 4327 1475 4393 658·
1557 4327 1750 4400 Nune,
1789 4325 1894 4384 ubi
1933 4323 2128 4386 fauces
2167 4327 2320 4388 inci-

1325 4414 1511 4492 piunt,
1527 4409 1689 4474 Baba
1713 4412 1874 4560 νίοῗ
1899 4419 2111 4490 exstat3
2141 4430 2319 4496 quun
