2967 5150
1302 449 2007 531 nnnonorl

657 618 781 687 8τό
829 612 1316 703 ὕδωρ,Τραῦ’όο
1356 636 1425 683 τε
1469 612 1585 682 καὶ
1629 612 2010 700 Κόμψατος·
2057 612 2225 683 κατὰ
2269 612 2346 682 δὲ
2369 612 2612 699 Ἀβδη·
2676 700 2688 705 -

703 744 828 807 poc,
872 722 1112 812 λίμνην
1142 720 1263 805 μὲν
1296 715 1621 804 οὐδεμίαν
1649 716 1902 785 ἐοῦσαν
1946 714 2372 805 οὖνομαστὴν
2399 739 2618 798 παρα·

698 825 975 910 peccato
1035 818 1308 909 Ξέρξης,
1406 820 1715 909 ποταμόν
1767 821 1842 889 δὲ
1885 822 2152 889 Νέστον
2178 868 2198 900 ,
2265 818 2514 905 ῥέοντα
2555 818 2619 898 ἐς

700 920 1072 993 θάλασσαν.
1180 920 1369 991 Meto?
1432 924 1506 991 δὲ
1560 920 1804 1003 ταύτας
1860 922 1977 1002 τὰς
2031 920 2252 1007 χώρας
2319 922 2448 989 ἶῶν
2503 920 2623 1001 τοὶς

706 1022 1147 1115 ἠπειρώτιδας
1190 1026 1383 1107 πόλις
1422 1024 1698 1112 παρήΐε·
1763 1032 1900 1095 τῶν
1943 1026 2015 1094 ἐν
2057 1032 2176 1114 μιῇ
2217 1029 2416 1113 λίμνη
2477 1024 2702 1093 ἑοῦ-80

708 1148 797 1197 σα
866 1129 1173 1215 τυγχάνει
1230 1126 1387 1199 &aaz
1442 1128 1806 1214 τριήκοντα
1874 1132 2162 1197 σταδίων
2207 1126 2498 1215 μάλιστά
2539 1152 2622 1215 κη

663 1230 837 1319 4τήν
899 1234 1244 1318 περίοδον,
1342 1232 1676 1319 ἰχθυώδης
1728 1232 1798 1299 τε
1859 1233 1972 1299 καὶ
2037 1230 2255 1318 κάρτα
2340 1227 2622 1316 ἁλμυρή.

708 1333 957 1423 ταύτην
1012 1332 1095 1405 τὰ
1158 1332 1490 1423 ὑποζύγια
1548 1338 1770 1422 μοῦνα
1829 1330 2171 1429 ἀρδόμενα
2240 1332 2618 1421 ἆνεξήρῃνε.

627 1667 779 1725 mari
807 1666 1019 1725 canalis
1048 1684 1161 1747 ope
1188 1666 1472 1740 iunctum,
1503 1684 1626 1723 non

627 1753 805 1831 longe
836 1772 871 1809 a
898 1748 1182 1830 Rhodope
1211 1762 1430 1809 monte.
1497 1752 1628 1807 Ho-

629 1834 725 1896 die
770 1838 841 1896 ab
880 1835 1092 1916 oppido
1140 1837 1488 1915 cognomine
1515 1856 1628 1895 vo-

630 1921 749 1982 cari
786 1920 945 1981 Bura
988 1923 1107 1981 sive
1136 1922 1357 1979 Gallice
1400 1918 1627 1979 Bouron

628 2008 903 2067 scribunt.
986 2004 1120 2067 vid.
1166 2008 1454 2066 Mannert.
1497 2005 1538 2065 1.
1586 2007 1628 2065 l.

627 2112 761 2173 pag.
786 2094 935 2155 213.
956 2090 1101 2157 214.
1133 2090 1630 2151 Choiseul-Gouf-

628 2176 753 2236 fier.
782 2178 825 2236 l.
852 2178 893 2235 l.
922 2196 1058 2257 pag.
1092 2182 1214 2243 112
1242 2178 1437 2259 ibique
1467 2176 1633 2235 adie-

630 2274 786 2323 ctam
826 2282 1104 2342 mappam
1157 2261 1628 2342 geographicam.

631 2346 806 2429 Apud
834 2348 1092 2405 Plinium
1118 2349 1249 2408 loco
1288 2368 1459 2429 supra
1497 2350 1632 2407 lau-

634 2433 769 2492 dato
811 2452 933 2491 non
974 2434 1119 2491 nisi:
1181 2444 1493 2511 „stagnum
1521 2432 1632 2493 Bi-

633 2526 842 2578 stonum
870 2528 927 2578 et
954 2518 1155 2598 gens.“
1182 2550 1268 2563 -—
1318 2521 1464 2580 Mox
1496 2538 1634 2580 cum

636 2615 877 2721 recena.
898 2603 1031 2664 edd.
1059 2605 1503 2685 εοτίρεὶἒσιεῖσι,
1529 2607 1634 2664 ubi

635 2692 812 2770 vulgo
862 2691 1016 2748 male
1061 2689 1265 2754 ἐσεῖσι.
1363 2693 1634 2774 Requiri-

532 2813 539 2818 -
636 2787 731 2833 tur
773 2777 933 2836 enim
973 2773 1071 2834 hic
1126 2775 1375 2838 verbum
1432 2776 1634 2856 ἕσίημι

636 2863 879 2920 &amitto-

727 3018 965 3108 Τραῦός
1002 3047 1065 3090 τε
1107 3026 1211 3090 καὶ
1252 3023 1628 3108 Κὸμψατος]

643 3109 972 3174 Tramarum
985 3131 1127 3192 gens
1154 3113 1439 3172 indicatur
1464 3115 1538 3190 V,
1569 3119 1632 3192 3,

638 3200 739 3257 ubi
781 3199 936 3258 conf.
980 3209 1127 3258 nott.
1175 3200 1489 3279 Compsotue
1516 3201 1633 3259 flu-

642 3285 769 3344 vius
806 3285 1074 3364 nuspiam
1116 3283 1277 3366 quod
1317 3287 1434 3344 scio
1465 3305 1634 3344 com-

638 3381 1009 3444 memoratur,
1062 3369 1173 3428 nisi
1216 3373 1317 3451 qui
1346 3371 1636 3431 Com'm’ten

639 3465 725 3513 est
752 3454 905 3534 apud
923 3453 1147 3512 Aelian.
1177 3457 1249 3514 N.
1272 3458 1346 3516 A.
1373 3458 1504 3532 XV,
1531 3457 1633 3533 25,

638 3536 755 3597 huc
784 3541 1049 3618 pertinet.
1120 3541 1409 3605 Mannert.
1436 3543 1479 3600 l.
1509 3543 1550 3601 l.
1573 3563 1635 3621 p.

638 3627 761 3687 222
777 3643 882 3703 pro
906 3622 1184 3682 Herodoti
1209 3623 1420 3685 Tmuso
1434 3625 1636 3686 haberi

636 3707 764 3765 vult
790 3708 1034 3768 fluvium
1061 3709 1409 3787 Karaum’ie,
1456 3731 1637 3792 quem

638 3790 911 3872 equidem
940 3795 1015 3853 ob
1044 3797 1173 3854 soni
1198 3795 1639 3858 similitudinem

638 3877 842 3936 malim
865 3899 1203 3959 comparare
1232 3902 1368 3940 cum
1386 3881 1634 3961 Compsa—

643 3969 695 4021 ιο
750 3965 869 4022 sive
932 3959 1215 4026 Cossinite.
1299 3969 1387 4024 Ac
1457 3969 1637 4047 longa

640 4045 1027 4128 disputatione
1068 4049 1185 4126 (ad
1224 4053 1361 4112 Mel.
1388 4054 1474 4124 11,
1502 4055 1543 4116 2
1575 4055 1636 4125 §.

640 4133 681 4195 8
706 4153 841 4214 pag.
873 4137 994 4200 129
1024 4155 1184 4218 seqq.
1214 4139 1279 4195 in
1294 4135 1632 4200 Tzschuck.

640 4229 787 4280 nott.
838 4223 1085 4300 exegg.)
1124 4223 1447 4282 Gronovius
1492 4223 1637 4282 illud

642 4301 869 4361 efficere
908 4305 1098 4365 studet
1117 4349 1141 4377 ,
1183 4309 1411 4366 Aeliani
1456 4309 1640 4368 Cossi-

642 4388 803 4448 κειαη
830 4387 1085 4471 scyno&
1114 4389 1197 4472 (ς.
1226 4393 1337 4472 68)
1382 4393 1640 4454 cadam

1711 1674 1768 1721 et
1783 1661 2064 1721 Herodoti
2081 1663 2427 1741 Compsatum
2443 1662 2522 1722 ad
2533 1684 2708 1721 unum

1711 1748 2081 1829 eundemque
2106 1744 2400 1828 pertinere
2443 1750 2708 1821 fluvium,

1711 1838 1872 1892 cuins
1903 1853 2121 1891 nomen
2151 1828 2474 1908 Κούσατος
2493 1878 2515 1911 ,.
2555 1835 2714 1894 Com-

1711 1927 1800 1978 tue
1819 1941 1865 1978 s.
1897 1918 2129 1995 casatus,
2171 1922 2274 1999 qui
2311 1920 2476 1977 idem
2519 1923 2596 1977 sit
2625 1930 2716 1978 at-

1715 2024 1829 2087 que
1857 2007 2084 2064 Nestus.
2151 2006 2238 2063 Ac
2269 2004 2474 2065 Nestus
2505 2006 2710 2063 fluvius

1715 2112 1748 2148 e
1777 2088 2061 2169 Rhodope
2091 2102 2292 2149 monte
2321 2110 2594 2165 exorsus,
2615 2094 2711 2149 in-

1716 2176 1907 2257 deque
1964 2174 2225 2255 delapsus
2283 2178 2348 2234 in
2414 2180 2716 2257 Aegaeum

1713 2282 1876 2321 mare
1943 2260 2202 2342 Philippi
2259 2271 2320 2320 et
2399 2262 2720 2321 Alexandri

1713 2348 1918 2427 Magni
1983 2358 2168 2405 aetate
2216 2347 2636 2407 Macedoniam
2663 2360 2716 2407 et

1715 2432 2032 2492 Thraciam
2062 2436 2379 2513 Strymone
2399 2434 2587 2494 fluvio
2617 2454 2718 2493 an-

1716 2528 1810 2579 tea
1843 2521 2210 2578 terminatam
2235 2523 2568 2599 separabat.
2609 2524 2718 2580 Per

1715 2604 1980 2664 medium
2010 2623 2222 2665 aevum
2247 2605 2714 2669 vocabatur-1115-

1719 2709 1859 2763 στος
1887 2691 2075 2767 (unde
2117 2693 2293 2749 etiam
2338 2691 2406 2751 h.
2459 2695 2500 2752 Ι.
2531 2694 2712 2773 plures

1714 2775 1885 2836 codd.
1899 2778 2142 2838 Μέστον
2157 2797 2263 2856 pro
2271 2775 2714 2856 Νέστον),ιιωιο

1714 2864 2062 2943 plerumque
2075 2864 2309 2922 obvenit
2320 2865 2569 2922 nomine
2591 2865 2718 2925 Κα-

1717 2941 1795 3029 ρσὶ
1827 2949 1992 3009 Σουΐ
2017 2949 2109 3005 vel
2145 2948 2532 3028 Μαυρονὲρι.
2601 2951 2718 3008 Nos

1717 3032 2038 3092 diceremus
2070 3033 2462 3094 Schwarzacl«.
2543 3035 2712 3092 Plura

1718 3117 1940 3180 dabunt
1973 3117 2312 3178 Tzschuck.
2352 3119 2427 3178 ad
2475 3122 2615 3182 Mel.
2643 3123 2719 3192 ll,

1715 3207 1760 3267 2
1800 3205 1860 3275 §.
1903 3209 1944 3270 2
1969 3215 2120 3265 nott.
2173 3223 2386 3284 exegg.
2429 3227 2569 3285 pag.
2615 3210 2717 3272 69.

1716 3291 1927 3348 Wasse
1967 3287 2046 3348 ad
2074 3287 2351 3372 Thucyd.
2369 3293 2444 3366 11,
2477 3295 2559 3355 96
2587 3291 2714 3350 coll.

1716 3376 1922 3454 Poppo
1952 3372 2228 3456 Thucyd.
2259 3377 2306 3448 1,
2335 3381 2381 3442 2
2408 3397 2548 3457 pag.
2575 3379 2720 3438 835.

1717 3461 2002 3520 Mannert.
2033 3462 2074 3518 l.
2097 3462 2136 3520 l.
2167 3482 2226 3540 p.
2262 3465 2412 3525 216·
2499 3465 2580 3521 Et
2595 3461 2723 3520 vide

1717 3545 1938 3606 Herod.
1967 3545 2094 3622 vn,
2129 3549 2271 3610 126.
2703 3607 2734 3640 5

1807 3709 1922 3776 Ζῶν
1965 3745 2052 3761 -—
2095 3708 2325 3794 παρήῖε
2359 3717 2389 3791 ]
2499 3715 2727 3776 Similia

1721 3799 2012 3882 quaedam
2073 3803 2453 3860 excitavimus
2507 3801 2586 3859 ad
2631 3803 2726 3878 Vl,

1719 3889 1823 3949 30.
1865 3883 2040 3944 Hand
2067 3889 2222 3944 male
2243 3885 2728 3966 Schweighaeus.

1719 3967 1836 4032 lm'v
1894 3969 1956 4029 h.
2002 3972 2042 4030 l.
2094 3975 2408 4052 expressit:
2499 3973 2724 4032 νᾶα-ἕω

1710 4057 2076 4136 progrediens·
2135 4089 2224 4102 ——
2289 4059 2361 4115 In
2420 4079 2592 4140 seqq.
2651 4057 2724 4116 ad

1719 4143 1894 4200 verba
1922 4136 2147 4221 ταύτην
2160 4135 2230 4202 τὰ
2248 4137 2556 4226 ὖποζῦγια
2567 4147 2728 4224 μοῦ-

1721 4249 1802 4286 να
1830 4221 2134 4308 ἆρδὸμενα
2184 4219 2528 4310 α’νεξῆρῃνε
2571 4229 2724 4288 conf.

1723 4311 1848 4386 VH,
1879 4313 1983 4376 43.
2023 4313 2281 4371 Verbum
2303 4309 2612 4396 ἄρδεσθαι
2633 4316 2726 4372 in-

1725 4399 1990 4456 venimus
2019 4397 2090 4474 V,
2137 4401 2236 4462 12.
