2967 5150
770 430 903 491 Μ
1384 420 2081 482 ΗΕΒΟΒΟΤἸ

572 656 585 683 =
614 590 691 684 ξ’,
772 590 945 719 ,ἄλλα
997 588 1211 657 πολλὰ
1264 588 1435 672 πρὸς
1491 585 1822 661 τούτοισί.
1865 586 1940 653 ἐν
1979 584 2204 651 Ἐννέα
2235 582 2498 652 Ὀδοῖσι
2539 588 2696 672 τῇσι
2709 596 2782 649 70

294 708 323 737 ιι
466 706 495 737 e
602 694 669 735 io·
1018 696 1045 711 ¹·
1352 691 1365 711 ’
1706 688 1724 713 s
1829 689 1844 710 ι
2081 686 2098 708 e
2367 688 2382 709 ι

273 694 694 892 ξιωωῑι..
734 807 769 860 2
785 690 2258 882 &530332552‘3235322‘223323‘2
2265 692 2696 868 0322?ssss

479 873 494 890 ⁶
776 896 1142 981 θανόμενοι
1182 894 1304 962 τὸν
1346 900 1570 981 χοῖρον
1611 901 1850 963 τοῦτον
1889 894 2264 961 καλέεσθαι.
2325 889 2696 970 τοσούτους

775 998 849 1067 ἐν
918 994 1103 1085 αὐτῷ
1156 995 1400 1075 παῖδάς
1456 1020 1526 1065 τε
1582 997 1696 1063 καὶ
1753 994 2137 1079 παρθένους
2221 992 2496 1077 ἀνδρῶν
2562 1000 2695 1061 τοῖν

734 1098 1155 1187 Βέπιχωρίων
1204 1097 1500 1181 ζώοντας
1555 1098 2010 1185 κατώρυσσον.
2113 1097 2452 1185 Περσικὸν
2493 1097 2574 1167 δὲ
2609 1097 2690 1164 τὸ

693 1420 769 1477 cis
798 1424 857 1473 et
884 1433 1059 1493 aquae
1085 1413 1309 1473 cultum
1327 1408 1423 1471 hic
1444 1410 1686 1472 indicari

692 1505 763 1563 sit
783 1498 1077 1560 credibile.
1107 1501 1261 1571 Quin
1284 1497 1492 1559 Rhode
1519 1501 1688 1572 (Hei-

690 1590 795 1666 lig.
832 1587 988 1666 Sage
1016 1596 1127 1645 eto.
1157 1608 1215 1667 p.
1245 1584 1397 1664 512)
1444 1604 1686 1644 omnem

692 1671 974 1732 Herodoti
1000 1674 1578 1730 narrationemmere
1612 1672 1686 1728 ti-

690 1770 847 1819 ctam
875 1777 997 1816 esse
1022 1758 1235 1831 statuit,
1259 1776 1439 1838 quam
1464 1756 1542 1815 ad
1567 1756 1687 1813 Mi-

690 1844 856 1905 thrae
900 1862 1111 1901 arcana
1147 1852 1405 1921 spectare
1447 1842 1689 1900 arbitra-

690 1941 788 1989 tur
802 1926 1135 1987 Grotefend.
1164 1930 1225 1985 in
1254 1924 1515 1986 Amalth.
1541 1930 1596 1986 Π
1622 1949 1682 2007 p.

696 2014 839 2079 105.
919 2014 999 2073 Et
1036 2032 1174 2073 sane
1202 2012 1367 2072 altius
1410 2013 1554 2093 quid
1593 2010 1686 2072 his

586 2140 596 2151 -
690 2101 977 2159 contineri
994 2145 1011 2177 ,
1040 2096 1211 2159 valde
1252 2110 1337 2157 est
1364 2099 1682 2178 probabile.

700 2186 757 2245 0
764 2206 813 2246 r.
856 2184 930 2245 ad
952 2183 1013 2244 h.
1042 2187 1083 2245 l.
1126 2184 1375 2245 conferri
1401 2186 1527 2243 vult
1555 2184 1684 2243 Van

690 2274 899 2352 Iperen
937 2273 1029 2328 De
1069 2274 1240 2331 sacris
1268 2270 1591 2329 fluvialibus
1619 2272 1682 2329 in

689 2353 964 2415 Biblioth.
993 2358 1220 2435 Hagen.
1242 2356 1419 2415 Class.
1445 2355 1548 2431 IV,
1569 2360 1596 2419 1
1615 2376 1678 2437 p.

694 2443 817 2507 114
846 2462 965 2523 seq.

777 2574 843 2642 ἐν
855 2569 1079 2641 Ἐννέα
1094 2574 1329 2642 Ὀδοῖσι
1343 2581 1420 2661 τῇ
1422 2593 1483 2639 σι
1494 2568 1684 2639 Ἠδω-

692 2665 844 2740 νοῖν]
876 2669 1017 2750 τῇσι
1048 2685 1081 2724 ο
1110 2665 1398 2724 Sancrofti
1424 2664 1572 2722 libro
1585 2681 1684 2720 re-

692 2760 927 2828 ceptum
965 2769 1071 2829 pro
1120 2757 1305 2812 τοῖσι..
1377 2750 1573 2830 Atque
1602 2749 1683 2806 sic

690 2835 992 2914 aliquoties
1032 2833 1191 2912 apud
1220 2831 1578 2892 Herodotum
1607 2835 1684 2891 li·-

688 2917 859 2976 brarii
888 2919 1017 2976 voci
1058 2915 1198 2990 <5662
1229 2921 1533 2976 masculini
1574 2935 1685 2997 ge-

680 3005 833 3062 neris
862 3005 1171 3062 articulum
1190 3023 1588 3084 praeposuere,
1619 3015 1686 3063 ut

682 3091 759 3162 11,
804 3089 906 3153 35.
940 3093 1043 3154 80.
1128 3090 1226 3149 Ad
1270 3101 1683 3169 argumentum

684 3176 798 3234 loci
826 3175 980 3234 conf·
1000 3173 1335 3256 Thucydid.
1352 3172 1400 3254 1,
1422 3180 1561 3240 100.
1577 3175 1681 3250 IV,

692 3262 833 3326 102.
865 3264 985 3326 108
1015 3262 1212 3343 ibique
1239 3263 1442 3342 Poppo
1471 3263 1518 3336 1,
1551 3266 1592 3325 2
1617 3281 1679 3339 p.

686 3343 811 3409 348
840 3365 1002 3426 seqq.
1046 3349 1331 3407 Mannert.
1361 3350 1577 3426 Geogr.
1619 3345 1678 3406 d.

686 3431 789 3489 Gr.
816 3451 878 3489 u.
908 3433 1078 3490 Rom.
1123 3431 1231 3490 Vll
1270 3454 1331 3513 p.
1362 3437 1485 3498 236
1515 3449 1678 3513 seqq.

684 3513 971 3578 Videntur
1026 3528 1225 3578 autem
1280 3516 1485 3580 Novem
1553 3517 1682 3578 Viae

684 3619 807 3658 non
834 3611 956 3659 tam
982 3603 1157 3678 urbis,
1189 3623 1369 3686 quam
1414 3604 1684 3682 regionis,

685 3685 749 3743 i'n
794 3705 971 3768 quam
996 3689 1217 3747 multae
1251 3710 1286 3747 e
1312 3688 1547 3754 diversis
1590 3690 1685 3748 lo-

688 3771 769 3830 cis
798 3773 1131 3832 confluxere
1167 3777 1314 3849 viae,
1343 3793 1560 3832 nomen
1587 3777 1686 3833 in·-

689 3853 911 3934 dicare3
951 3878 1091 3919 nam
1117 3861 1301 3920 imula
1330 3861 1437 3918 fuit
1466 3860 1687 3942 eStry-

684 3944 875 4003 monis
900 3950 1153 4024 stagnosi
1182 3957 1239 4006 et
1268 3945 1344 4004 ad
1368 3965 1686 4026 mai-epro-

685 4030 965 4090 volveutis
993 4030 1238 4091 brachiis
1279 4032 1544 4106 formata,
1573 4029 1684 4090 ad-

684 4117 999 4176 iacentibus
1068 4120 1285 4198 campis
1361 4114 1684 4176 admodum

683 4201 986 4263 fertilibus.
1072 4203 1233 4274 Quae
1268 4204 1455 4263 insula
1495 4222 1680 4283 quan-

683 4294 814 4344 tum
840 4289 1074 4362 valeret,
1103 4308 1242 4347 cum
1260 4287 1568 4367 postmodo
1591 4291 1682 4345 in-

680 4369 1031 4433 tellexissent
1042 4371 1439 4452 Athenienses,
1454 4375 1680 4434 coloni·-

1769 1432 1948 1473 ameo
1967 1410 2356 1488 deduxerunt,
2373 1430 2524 1495 quae
2567 1421 2772 1490 postea

1767 1520 1874 1579 per
1927 1501 2146 1559 bellum
2201 1500 2772 1578 Peloponnesiacum

1769 1596 1943 1665 atque
1985 1584 2438 1643 Macedonicum
2479 1581 2654 1641 valde
2679 1584 2772 1639 in-

1768 1672 1990 1745 claruit,
2019 1674 2258 1730 nomine
2279 1668 2640 1748 Amphipolis,
2667 1687 2770 1725 cu-

1766 1756 1856 1814 ius
1885 1758 2151 1837 reliquias
2167 1754 2358 1814 adhuc
2377 1762 2672 1835 quaerunt
2697 1752 2768 1809 ad

1765 1846 1963 1901 vicum
2005 1842 2240 1901 Emboli.
2329 1840 2466 1899 vid.
2503 1838 2766 1897 Voemel.

1767 1925 1843 1987 ad
1885 1926 2265 1993 Demosthen.
2306 1924 2564 2004 Philipp.
2592 1946 2654 2005 p.
2687 1928 2768 1987 32

1765 2034 1928 2094 seqq.
1973 2018 2077 2078 37.
2159 2014 2240 2071 At
2282 2016 2332 2071 si
2355 2030 2633 2093 quaeras,
2659 2029 2768 2067 cur

1765 2096 1938 2157 huius
1976 2101 2132 2159 urbis
2172 2109 2297 2158 tam
2343 2098 2594 2176 inclytae
2635 2098 2766 2153 He-

1764 2182 2001 2243 rodotus
2017 2186 2238 2243 nullam
2255 2182 2350 2242 hic
2371 2184 2574 2241 fecerit
2592 2200 2768 2239 men-

1759 2272 2002 2345 tionem,
2033 2269 2356 2329 tenendum
2385 2279 2492 2341 est,
2537 2268 2767 2327 illofere

1761 2364 2043 2436 tempore,
2071 2376 2190 2437 quo
2219 2352 2598 2435 Amphipolis
2627 2373 2766 2412 con-

1765 2439 1885 2501 dita
1919 2439 2270 2521 perhibetur,
2299 2442 2340 2499 i.
2371 2460 2430 2499 e.
2463 2458 2626 2497 anno
2645 2438 2762 2501 437

1761 2546 1812 2588 a.
1849 2525 1985 2590 Chr.
2013 2548 2095 2604 n.,
2124 2526 2497 2586 Herodotum
2527 2526 2763 2584 Graecia

1765 2616 1962 2672 relicta
2017 2616 2138 2672 iam
2186 2611 2450 2672 Thurios
2511 2613 2769 2684 cessi-³503

1768 2699 1927 2781 quod
1976 2702 2154 2780 vulgo
2199 2709 2434 2779 ponunt
2477 2717 2617 2757 anu.
2647 2693 2770 2758 444

1769 2805 1822 2844 ο.
1867 2783 2004 2843 Chr.
2061 2807 2123 2844 n.
2223 2783 2355 2844 vid.
2415 2782 2772 2842 Ddhlmann.

1767 2869 2050 2931 Herodot.
2095 2891 2154 2951 p.
2185 2873 2306 2934 221
2333 2869 2474 2928 coll.
2505 2869 2614 2933 48.

1851 2984 2216 3072 ἐπορεύοντο
2243 2986 2442 3052 nutu*
2473 2985 2572 3052 τᾶ
2591 3013 2626 3064 ς
2665 3011 2772 3070 ye-

1768 3071 2072 3156 φύρας]
2121 3079 2261 3135 -Νοιι
2302 3077 2494 3134 valet:
2545 3095 2664 3134 υσο
2700 3075 2772 3134 len

1755 3165 1950 3239 ponte,
1979 3172 2046 3220 ut
2073 3159 2265 3220 reddit
2289 3159 2610 3230 Lan-cher„
2663 3180 2768 3218 ne-

1765 3267 1880 3328 que
1905 3265 1998 3306 sur
2025 3247 2102 3306 les
2123 3253 2303 3326 ponte,
2327 3267 2460 3324 pur,
2501 3250 2542 3306 ὰ
2567 3253 2767 3304 moen

1763 3331 1838 3390 les
1865 3338 2039 3412 ponte,
2083 3343 2150 3392 ut
2179 3333 2398 3390 Gaium
2425 3335 2767 3408 interpretu-

1761 3427 1876 3493 tur,
1915 3416 2019 3476 sed
2059 3419 2138 3476 ad
2179 3437 2226 3476 s.
2253 3421 2420 3476 iuxta
2443 3424 2670 3496 pacm,
2699 3456 2719 3474 .
2745 3457 2765 3474 .

1761 3503 2143 3583 Strymonem
2169 3513 2347 3583 ponte
2375 3505 2630 3582 iungere
2657 3499 2764 3560 du-

1769 3587 1914 3646 dum
1955 3609 2060 3648 rex
2101 3592 2358 3664 iusserat,
2399 3598 2551 3647 tecte
2578 3591 2762 3646 Hero-

1766 3672 1904 3734 doto
1931 3673 2055 3749 vn,
2087 3673 2192 3738 24.

1853 3771 2152 3878 Ιζερσικόν
2185 3764 2254 3838 δὲ
2279 3771 2348 3838 τό
2377 3770 2764 3850 {domusm-

1761 3883 1908 4007 {12⁰5
1915 3861 2764 4010 zammer.

1762 4053 1932 4093 voces
1959 4051 2188 4114 prorsus
2218 4034 2450 4092 absunt.
2536 4032 2639 4092 Ad
2673 4051 2760 4089 er·

1761 4129 2108 4198 gumentum
2153 4120 2269 4178 loci
2309 4117 2468 4177 conf.
2511 4129 2666 4179 nott.
2687 4115 2758 4174 ad

1759 4205 1864 4278 ΠΙ,
1911 4203 2009 4270 35.
2096 4205 2256 4278 Quae
2297 4205 2571 4285 sequitur
2611 4199 2758 4283 apud

1759 4288 2124 4348 Herodotum
2154 4289 2228 4348 de
2261 4291 2526 4349 Amestti
2563 4307 2756 4350 nam-

1761 4375 1865 4450 tio,
1891 4374 2202 4436 Plutarcho
2241 4393 2488 4458 quoque
2533 4375 2753 4436 exhibi-
