2967 5150
1323 412 2011 473 HERGDOTI

699 584 834 649 τῶν
861 577 1344 664 Σπαρτιητέων
1389 578 1516 664 τήν
1556 579 1953 666 πλεονεξίην,
1999 574 2133 647 ἀλλ’
2156 577 2431 646 ἑλέσθαι
2458 584 2621 664 pff).-

699 689 825 751 λον
861 678 996 749 ὑπὸ
1038 685 1176 748 τῶν
1213 678 1583 769 βαρβάρων
1623 679 1961 767 ἄρχεσθαι,
2002 681 2047 767 ἦ
2088 706 2151 747 τι
2178 680 2445 760 ὑπεῖξαι
2484 686 2620 749 Λα-

699 784 1214 871 κεδαιμονίοισι·
1301 789 1644 867 προειπεῖν
1720 804 1791 850 τε
1826 790 2003 853 τοῖσι
2054 780 2429 869 ἀγγέλοισι,
2484 784 2620 865 πρὸ

621 1114 836 1181 addicti
863 1114 1219 1198 quieverint,
1261 1114 1404 1193 quin
1429 1110 1619 1173 Persis

617 1204 810 1285 potius
823 1202 1070 1262 faverint
1083 1218 1262 1280 quam
1275 1200 1527 1275 Graecis,
1559 1211 1621 1259 et

619 1288 694 1348 de
722 1287 947 1347 duobus
973 1287 1142 1346 malis
1169 1296 1235 1343 ut
1255 1287 1436 1345 levius
1448 1305 1617 1387 prae-

619 1375 986 1477 optaverint
971 1367 1094 1433 efud
1122 1374 1248 1431 ταῖν
1281 1364 1614 1453 βαρβάρων

617 1454 914 1540 ἔρχεσθαι
941 1452 986 1539 ἦ
1019 1448 1264 1531 ὑπεῖξαι
1299 1456 1615 1520 Λακεδαι-

619 1546 910 1623 μονίοισι.
995 1544 1099 1600 His
1141 1543 1277 1622 quia
1313 1542 1619 1622 Mycenaei

613 1632 894 1691 miserant
953 1628 1258 1687 auxiliares
1327 1630 1621 1706 octoginta

615 1714 696 1788 ed
722 1714 1151 1795 Thermopylas
1179 1730 1318 1771 cum
1355 1712 1619 1773 Leonida

619 1803 1000 1883 profecturos,
1029 1800 1232 1878 Argivi
1253 1820 1362 1871 τας
1387 1791 1619 1876 Μυκή-

620 1910 736 1960 νας
762 1885 1182 1961 κατέσκαψαν,
1235 1882 1476 1943 DIodor.
1507 1886 1615 1959 XI,

541 1968 544 1971 ⁴
621 1972 726 2039 6.5
755 1972 1105 2045 Pausan.11‚
1139 1972 1217 2033 16
1243 1970 1300 2039 ξ.
1334 1966 1395 2031 4.
1455 1968 1617 2029 Ode-

619 2067 782 2131 rant,
830 2077 942 2117 nec
980 2056 1301 2115 immeritos
1333 2056 1631 2133 profecto,

619 2144 898 2223 superbos
949 2142 1170 2201 vicinos
1215 2139 1621 2203 Lacedaemo·-

621 2230 732 2288 niis
771 2229 1007 2308 Argivi,
1051 2246 1086 2285 a
1127 2228 1336 2309 quibus
1389 2246 1621 2307 semper

619 2315 848 2388 vexati,
903 2322 962 2372 et
1005 2332 1193 2391 nuper
1221 2309 1378 2370 adeo
1403 2332 1623 2392 magna

619 2400 850 2459 fuerant
916 2396 1114 2457 >affecti
1173 2395 1372 2472 clade,
1437 2399 1619 2476 impia

619 2485 948 2545 Cleomenis
962 2481 1165 2541 fraude
1179 2442 1423 2562 decep’ti.
1443 2486 1619 2557 Hinc,
1630 2550 1635 2555 ⁶

615 2573 847 2680 opinor,
876 2570 1025 2630 iufra
1035 2572 1241 2630 Noster
1266 2568 1476 2637 0.152
1506 2562 1621 2633 ουἰι

615 2651 975 2739 Ἀργείοισι,
1019 2659 1134 2732 ait,
1178 2655 1461 2734 αἴσχιστα
1510 2678 1621 2718 πε·-

620 2745 910 2822 ποίηταιτ
953 2753 1010 2802 et
1038 2743 1246 2802 frustra
1273 2739 1621 2800 Plutarchus

622 2847 900 2888 excusare
939 2829 1143 2886 nititur
1181 2827 1431 2904 Argivos
1485 2838 1625 2886 tan-

627 2933 808 2992 quam
868 2905 982 2975 ov'x
1019 2907 1466 2991 ἀπειπαμένους
1495 2918 1623 2988 τοῖς

601 2992 871 3075 1”.Ελληιιί
909 2995 1020 3076 τήν
1068 2999 1412 3076 συμμαχίαν
1457 3001 1534 3057 Τ.
1565 3001 1622 3056 II

623 3103 684 3164 p.
703 3087 828 3148 863
843 3085 914 3143 B.
957 3085 1045 3142 Ob
1059 3082 1218 3142 idem
1245 3083 1390 3144 illud
1419 3083 1623 3143 odium

626 3170 1026 3230 abstinuerunt
1065 3181 1263 3250 postea
1305 3171 1456 3230 bello
1498 3173 1621 3228 Pe·-

619 3256 1060 3359 loponnesiaco.
1046 3275 1061 3291 ·
1095 3275 1212 3338 quo
1224 3255 1621 3316 Lacedaemo-

621 3341 859 3401 niorum
921 3345 1061 3403 socii
1127 3343 1362 3400 fuerunt
1416 3361 1623 3402 omnes

620 3428 1050 3533 Peloponnesii,
1096 3437 1239 3487 teste
1271 3425 1624 3534 Thucydide

622 3514 790 3588 Π,9.·.
815 3509 982 3594 πλὴν
1012 3505 1292 3592 Ἀργείων
1306 3511 1410 3574 καὶ
1423 3507 1621 3590 Ἀχαι-

624 3617 749 3660 mv:
793 3599 944 3658 solos
972 3599 1218 3676 Argivos
1247 3601 1621 3678 excipitDio-

623 3679 752 3743 dor.
779 3686 914 3758 ΧΠ,
941 3681 1044 3748 42.
1075 3682 1198 3744 Sed
1225 3681 1446 3744 Achaei
1464 3685 1617 3744 bello

626 3787 862 3849 quoque
872 3770 1108 3829 Persico
1117 3771 1470 3848 Argivorum
1485 3789 1619 3830 sen-

621 3856 864 3914 tentiam
897 3857 1077 3914 secuti
1103 3855 1374 3915 videntur
1397 3859 1619 3915 Pausa-

621 3942 756 4007 niae
798 3941 1010 4017 V11‚6
1055 3943 1113 4013 §.
1157 3947 1231 4016 3,
1274 3952 1340 4001 ut
1359 3944 1619 4022 suspIca-

620 4027 819 4104 batur,
881 4027 1028 4132 quia
1094 4028 1620 4108 Λακεδαιμονίους

623 4115 880 4195 Δωριεῖς
947 4105 1250 4192 απκηξίουν
1300 4113 1511 4191 σφίσιν
1540 4111 1621 4192 ἦ·

619 4203 882 4278 νεῖσθαι.
1006 4199 1376 4270 Quiescentes
1462 4201 1617 4258 bello

620 4282 1115 4364 Peloponnesiaco
1185 4285 1390 4364 Argivi
1482 4286 1619 4345 lon-

625 4385 736 4448 gae
793 4369 950 4449 pacis
989 4371 1248 4449 primum
1285 4369 1615 4447 commoda,

1700 1124 1899 1195 postea
1926 1125 2318 1195 perceperunt
2328 1116 2503 1175 etiam
2518 1116 2702 1189 mala

1702 1200 1907 1301 opibus
1935 1202 2094 1260 enim
2116 1199 2281 1259 ditati
2306 1203 2365 1257 in
2390 1220 2499 1259 sua
2526 1221 2700 1281 saepe

1698 1288 1919 1345 viscera
1946 1287 2290 1360 saevienmt,
2314 1288 2598 1345 intestinis
2626 1307 2698 1345 a·—

1696 1372 1865 1450 gitati
1917 1370 2325 1431 seditionibus:
2400 1370 2474 1429 de
2530 1374 2697 1450 pacis

1697 1455 2019 1515 commodis
2048 1456 2169 1515 vid.
2187 1454 2461 1537 Thucyd.
2486 1459 2559 1531 II,
2584 1461 2697 1523 28.

1702 1541 1943 1602 Diodor.
1972 1544 2105 1617 XII,
2125 1542 2243 1616 753
2276 1542 2350 1600 de
2366 1546 2698 1601 incommo-

1704 1626 1791 1687 dis
1813 1627 2057 1687 Gasaub.
2096 1629 2159 1684 in
2200 1630 2352 1686 Aen.
2392 1630 2699 1689 Poliorcet.

1702 1734 1796 1792 cp.
1824 1716 1914 1771 XI
1941 1724 1998 1771 et
2024 1714 2381 1792 wesseling.
2426 1713 2505 1772 ad
2532 1712 2705 1773 Diod.

1700 1801 1834 1875 XII,
1864 1800 2011 1863 58.“
2067 1798 2399 1859 Valcken.
2444 1802 2541 1858 Ac
2566 1819 2704 1858 sane

1700 1886 1749 1943 si
1795 1886 2047 1963 cogites,
2096 1886 2343 1963 Argivos
2369 1886 2703 1943 maximam

1700 1969 1928 2029 cladem
1956 1990 1990 2028 a
2018 1970 2311 2049 Spartanis
2339 1968 2487 2029 duce
2516 1970 2701 2029 Cleo-

1701 2074 1876 2115 mene
1903 2074 2099 2135 passos
2129 2075 2285 2115 anno
2314 2054 2435 2121 514
2470 2077 2525 2114 a.
2554 2054 2696 2118 Chr.

1700 2161 1762 2199 ιι.
1792 2138 2038 2223 (Herod.
2070 2140 2169 2216 VI,
2198 2145 2278 2205 76
2298 2148 2472 2222 seq.),
2500 2140 2575 2199 ad
2600 2143 2697 2199 in-

1700 2229 2095 2286 ternecionem
2110 2225 2543 2307 propemodum
2556 2227 2704 2285 fuis-

1702 2332 1770 2371 se
1812 2311 2094 2389 redactos,
2122 2310 2284 2371 haud
2310 2314 2535 2371 mirum
2552 2360 2571 2389 ,
2612 2332 2705 2372 eos

1701 2418 1779 2456 ne
1806 2419 1966 2458 nunc
1996 2398 2233 2481 quidem
2261 2400 2303 2458 i.
2332 2420 2387 2457 e.
2414 2398 2707 2463 anno480

1704 2482 1991 2544 mChrm.
2004 2484 2210 2543 foedus
2238 2487 2391 2543 inire
2412 2503 2706 2565 opemque

1702 2570 1852 2633 ferre
1882 2571 2130 2630 voluisse
2156 2572 2513 2646 Laconibus,
2563 2589 2701 2652 quos

1704 2658 1839 2736 ipsis
1884 2659 2309 2716 inimicissimos
2360 2668 2540 2738 atque
2604 2659 2697 2712 in-

1696 2743 2031 2804 festissimos
2072 2763 2195 2802 esse
2219 2745 2473 2845 ‘experti
2520 2751 2697 2817 erant,

1706 2846 2075 2911 eorumque.
2116 2831 2329 2888 sociis·
2310 2873 2331 2906 ,
2440 2847 2701 2908 praeser—

1706 2916 1817 2974 tim
1867 2935 2001 2973 cum
2058 2914 2198 2974 inde
2260 2915 2333 2974 ab
2382 2916 2485 2974 ina
2540 2909 2695 2972 clade

1708 3002 1905 3060 omnia
1964 3002 2312 3079 Argivorum
2352 3001 2589 3060 consilia
2625 3017 2695 3056 eo

1702 3087 2069 3166 potissimum
2120 3098 2408 3166 spectasse
2458 3084 2667 3144 videon
2684 3115 2697 3129 ·

1702 3181 1829 3248 tur,
1846 3184 1913 3231 ut
1940 3174 2088 3232 vires
2114 3174 2354 3232 amissas
2392 3190 2701 3250 recupera-

1701 3268 1835 3319 rent
1881 3267 2209 3339 statumque
2254 3259 2511 3338 priorem
2536 3257 2693 3314 reai-

1702 3353 1934 3402 tuerent
1954 3389 1971 3420 ‚
2013 3365 2123 3402 nec
2148 3343 2283 3404 ullis
2309 3345 2471 3402 bellis
2492 3363 2555 3400 se
2576 3342 2687 3398 im·

1702 3431 2028 3505 miscerent,
2060 3431 2272 3510 quibus
2300 3429 2581 3488 damnum
2602 3446 2689 3484 re-

1702 3515 1963 3574 nascenti
1998 3517 2213 3574 civitati
2252 3515 2455 3572 inferri
2490 3524 2695 3594 potue-

1700 3602 1793 3658 rit.
1878 3601 2045 3660 Conf.
2094 3601 2161 3660 C.
2193 3600 2265 3661 0.
2294 3601 2529 3660 Mffller.
2556 3602 2693 3658 Dor.

1698 3688 1729 3744 Ι
1756 3705 1815 3765 p.
1854 3683 1994 3750 174.
2078 3687 2208 3757 Ouo
2240 3685 2455 3745 eodem
2482 3695 2701 3766 spectu

1702 3772 2005 3830 oraculum
2026 3769 2301 3848 vn‚·148
2330 3773 2602 3848 ellatum3
2630 3789 2699 3829 ee

1700 3859 1893 3932 enim,
1936 3868 2007 3917 ut
2046 3857 2197 3917 bene
2244 3858 2513 3916 observat
2544 3855 2701 3916 idem

1702 3943 1929 4004 Miiller.
1959 3963 2021 4023 p·
2042 3947 2187 4019 176,
2214 3944 2446 4022 Argivis
2474 3941 2697 4002 indice-

1701 4037 1817 4103 tur,
1846 4027 2142 4109 quomodo
2170 4049 2262 4088 res
2289 4029 2529 4108 publica
2566 4027 2697 4108 ipsis

1703 4113 2155 4174 administranda
2216 4115 2537 4194 civitasque
2606 4133 2699 4172 re-

1701 4197 1904 4279 gunda
1942 4204 2037 4260 sit.
2082 4233 2161 4246 -—
2227 4201 2301 4258 In
2338 4219 2509 4281 seqq.
2566 4219 2697 4258 ver-

1701 4286 1847 4345 bum
1889 4283 2290 4367 περιέψεσθαι
2331 4287 2562 4365 passive
2606 4301 2697 4342 ac-

1701 4371 1817 4452 cipi
1836 4371 1962 4436 vult
1986 4368 2193 4436 Matth.
2222 4373 2329 4431 Gr.
2358 4371 2465 4434 Gr.
2495 4369 2697 4451 p.458

2770 5052 2939 5097 A„-
