2967 5150
864 445 1590 509 POLYMN1·A.
1677 450 1839 513 vn.

2167 457 2299 522 ωἵ

384 614 713 691 Δίκαιαν,
782 606 1103 698 Ἄβδηρα.
1188 610 1433 693 ταύτας
1485 638 1556 682 τε
1620 613 1704 703 δὴ
1763 615 2096 703 woefflin,
2183 622 2298 691 καὶ
2381 619 2792 727 &affimant-

382 712 555 783 κατα
604 712 867 795 ταύτας,
912 716 1145 801 λίμνας
1186 714 1558 803 ὀνομαστὰς
1599 715 1829 787 τάσδε·
1894 724 2296 810 Μαρωνείης
2655 704 2670 729 ’

380 820 505 905 μὲν
544 816 785 905 μεταξύ
826 818 937 885 καὶ
983 818 1297 906 Στρύμης
1353 821 1660 907 κειμένην
1697 818 2061 906 Ἰσμαρίδα·
2125 826 2294 893 κατὰ

382 922 456 1019 δὲ
503 924 821 1003 Δίκαιαν,
866 924 1253 1004 Βιστονίδα,
1300 923 1367 1005 ἐς
1404 923 1530 1011 τήν
1569 925 1858 1012 ποταμοὶ
1899 924 2028 994 δύο
2071 924 2294 999 ἐσιεῖσι

292 1242 354 1279 u-
385 1223 557 1281 Ram·
600 1224 707 1283 VH
754 1242 890 1303 Pago
946 1229 1091 1291 211·
1136 1231 1293 1287 Kl'li*

289 1328 401 1387 ger
429 1306 503 1367 ad
538 1307 817 1391 Xenoph.
858 1314 1113 1373 Anabas.
1164 1315 1291 1391 v11,

292 1398 351 1469 3,
379 1395 480 1457 16·
524 1417 527 1421 ’

374 1478 697 1555 Δίκαιαν]
753 1482 839 1539 Ita
896 1501 930 1539 e
987 1481 1287 1563 Stephano

286 1566 435 1646 1352.
478 1585 523 1625 s.
564 1586 712 1646 ηρ.
742 1570 867 1631 802
896 1566 1288 1629 exhibuerunt

286 1649 623 1731 Schweigh.
642 1694 661 1727 ‚
706 1652 881 1713 Gaisf.
928 1663 987 1712 et
1035 1654 1289 1715 Bekker.

284 1756 397 1816 pro
436 1738 593 1817 vulg.
640 1738 929 1813 Δικαίαν,
982 1740 1141 1819 quod
1192 1752 1288 1800 te·—

284 1834 539 1881 nuerunt
552 1840 555 1845 ·
568 1820 865 1888 Schaefer.
902 1836 959 1883 et
986 1820 1285 1887 Matthiae.

283 1908 461 1966 Novit
486 1908 747 1969 Dicaeam
778 1912 931 1967 Plin.
962 1910 1003 1970 l.
1032 1913 1075 1972 1.
1104 1915 1285 1971 item-

282 2014 399 2075 que
428 1994 645 2074 Scylax
666 1997 725 2065 ᾗ.
750 1999 831 2060 68
860 2014 997 2075 pag.
1033 2000 1115 2061 27
1144 2018 1281 2077 pag.

276 2083 405 2143 280
434 2080 604 2155 Graiis,
636 2082 737 2160 qui
778 2100 956 2160 prope
985 2082 1281 2143 Abderam

278 2184 403 2223 non
456 2166 638 2243 longe
692 2184 727 2222 a
797 2167 930 2223 lacu
979 2168 1281 2227 Bistonide

276 2270 413 2309 eam
456 2252 721 2308 collocat.
832 2252 1056 2311 Mature
1096 2253 1281 2335 'oppi-

276 2334 429 2393 dum
480 2334 738 2393 dirutum
781 2348 945 2414 putat
993 2340 1283 2401 Mannert.

276 2422 321 2481 l.
364 2421 410 2479 l.
440 2442 502 2499 p.
548 2424 671 2483 213
702 2440 737 2478 a
779 2418 1069 2502 Philippo,
1100 2444 1279 2505 quem

280 2506 455 2584 plura
483 2502 770 2563 Thraciae
796 2508 1026 2567 castella
1054 2508 1278 2569 destru-

274 2592 435 2650 xisse
464 2593 752 2652 novimus.

343 2673 667 2756 “”Αβδηρα]
701 2679 863 2737 Unus
891 2679 1034 2737 liber
1058 2681 1274 2740 Parisi-

272 2758 746 2846 ιιω”Λβδηραν.
805 2762 924 2823 Sed
938 2759 1013 2825 τοὶ
1034 2760 1277 2845 ’Ἀβδη-

275 2869 355 2928 ρα
417 2860 639 2908 veteres
696 2852 997 2930 scriptores
1061 2849 1273 2912 dixisse

272 2945 517 3008 constat,
558 2933 715 2994 unde
744 2938 836 2995 vel
865 2935 941 2994 ad
978 2940 1272 2996 Romanos

272 3023 497 3080 transiit
520 3021 733 3081 Abdera
772 3023 991 3101 plurale
1020 3043 1271 3097 nomen3

277 3107 503 3166 serioris
550 3109 747 3166 aetatis
794 3113 1096 3187 scriptores
1152 3109 1273 3167 Ab-

279 3193 445 3268 dera,
505 3213 588 3256 ae.
690 3193 857 3251 Confi
906 3195 969 3254 C.
1012 3195 1080 3250 F.
1118 3195 1271 3250 Her-

272 3298 478 3337 mann.
530 3279 663 3338 loco
704 3299 847 3338 mox
885 3277 1179 3336 laudando
1208 3297 1268 3357 p.

272 3365 401 3428 507
428 3377 551 3426 not.
586 3365 646 3426 9.
732 3368 807 3422 Et
848 3364 1003 3422 conf.
1048 3363 1265 3426 Herod.

268 3451 398 3525 vll,
437 3455 571 3515 126.
603 3450 755 3526 VIII,
787 3454 929 3513 120.
958 3451 1115 3508 Haec
1134 3450 1267 3508 urba

270 3554 460 3615 prope
535 3536 812 3592 Dicaeam
901 3533 1265 3594 occidentem

254 3631 468 3680 ‘versus
506 3620 581 3678 ad
632 3622 793 3680 Nesti
848 3621 991 3678 ostia
1036 3618 1267 3679 condita

265 3725 305 3764 a
347 3707 729 3766 Clazomeniis
772 3715 831 3765 et
870 3707 1033 3764 Teiis
1078 3701 1169 3785 (ut
1196 3704 1270 3764 ad

262 3795 317 3862 1,
354 3797 479 3856 186
520 3789 897 3868 monuimus)
946 3801 1147 3872 postea
1192 3789 1267 3850 ad

262 3896 556 3957 maguum
584 3877 1061 3958 pervenitflorem
1089 3886 1147 3935 et
1172 3879 1267 3935 vel

260 3968 670 4023 Romanorum
700 3973 884 4024 aetate
914 3960 1105 4022 adhuc
1134 3981 1267 4021 me-

262 4057 549 4124 moratur,
578 4051 640 4107 iu
666 4049 873 4128 vulgus
900 4059 1039 4108 nota
1066 4048 1159 4108 vel
1187 4047 1265 4106 ob

258 4135 491 4201 incolas
506 4181 525 4209 ,
584 4136 685 4214 qui
726 4136 995 4202 stultitiae
1024 4135 1265 4193 nomine

261 4221 423 4280 male
468 4219 797 4280 audiebant.
894 4223 1063 4278 Nunc
1114 4237 1265 4299 pau-

270 4325 379 4364 cae
422 4307 700 4387 reliquiae
741 4307 945 4365 veteris
988 4305 1145 4364 urbia
1170 4305 1265 4363 lo-

266 4411 411 4452 cum
424 4392 696 4452 indicant.
742 4391 841 4451 Tu
856 4388 975 4452 vid.
996 4387 1267 4450 Tzachu-

1378 1222 1492 1283 cke
1519 1222 1594 1283 ad
1621 1225 1760 1283 Mel.
1786 1225 1862 1297 11,
1889 1226 2000 1297 25.
2018 1228 2058 1291 9
2085 1244 2221 1305 pag.
2249 1224 2370 1291 134

1374 1321 1524 1369 nott.
1571 1329 1778 1392 exegg.
1837 1312 2121 1372 Mannert.
2167 1312 2210 1371 l.
2239 1311 2280 1369 l.
2307 1332 2369 1391 p.

1374 1393 1500 1459 214
1546 1392 2296 1475 squChoiseul-Gouffier.
2326 1399 2368 1457 l.

1371 1483 1413 1539 l.
1444 1482 1501 1537 11
1526 1500 1664 1559 pag.
1696 1484 1816 1544 113
1845 1499 2006 1562 seqq.
2037 1492 2094 1539 et
2135 1484 2368 1561 potissi-

1369 1586 1538 1623 mum
1569 1567 1634 1623 C.
1651 1568 1717 1625 F.
1734 1566 2048 1623 Hermann.
2073 1568 2135 1623 iu
2152 1564 2368 1627 Schul-

1374 1652 1506 1709 zeit.
1545 1654 1711 1715 1830
1738 1671 1829 1708 m·-
1862 1654 1964 1716 63.
1996 1650 2097 1716 64.

1454 1733 1560 1797 καὶ
1618 1730 1770 1797 κατα
1811 1730 2050 1812 ταύτας,
2101 1736 2362 1819 λίμνας]

1368 1821 1650 1881 Voculam
1665 1819 1750 1896 δὲ,
1795 1842 1972 1903 quam
1989 1833 2122 1881 ante
2151 1824 2364 1903 λίμνας

1368 1906 1705 1986 Schweigh.
1756 1917 1816 1966 et
1846 1908 2023 1967 Gaisf.
2055 1928 2088 1967 e
2116 1908 2363 1967 Floren-

2379 726 2494 767 atue.
2523 723 2675 767 Locus
2708 724 2770 769 ad

2380 773 2595 829 oppidum
2638 776 2794 831 Pisty-

2377 835 2478 866 rum
2502 824 2709 881 piscosae
2745 832 2798 871 et

2375 876 2780 973 :⁴¹:¹51:⁸1¹32:.2¹:.²⁸

2376 975 2439 1021 u·
2465 978 2738 1025 exsiccatus.

1365 1996 1486 2051 tino
1518 2003 1891 2073 receperunt,
1923 1992 2194 2075 equidem
2223 2014 2392 2055 cum-

1366 2076 1621 2153 Schaef„
1691 2076 1898 2137 Matth.
1965 2090 2022 2138 et
2084 2078 2360 2147 Bekkero

1364 2166 1623 2245 recipere
1665 2166 1846 2225 nolui.
1931 2166 2084 2221 Nam
2127 2166 2201 2223 ab
2247 2162 2360 2225 hoc

1355 2252 1493 2309 'loco
1522 2270 1659 2307 sane
1688 2252 1876 2308 aliena
1901 2246 2148 2313 videtur.

1445 2326 1787 2414 Ἰσμαρίδα]
1831 2338 1926 2397 Ab
1954 2337 2176 2414 Ismaro,
2208 2356 2358 2420 quae

1366 2420 1652 2480 Ciconum
1709 2424 1819 2482 fuit
1873 2428 2142 2505 antiquae
2193 2422 2358 2485 sedes

1361 2507 1433 2565 ab
1493 2508 1685 2590 Ulyxe
1753 2508 2044 2570 demetata
2115 2508 2354 2592 (Odysa.

1356 2593 1465 2668 IX,
1511 2593 1634 2673 40)
1687 2595 1946 2676 Scymuo
2011 2615 2245 2677 quoque
2299 2605 2356 2656 et

1360 2677 1664 2759 Stephano
1712 2683 2038 2760 Byzantino
2089 2684 2354 2742 ‹nnme-

1359 2776 1602 2842 morata,
1631 2767 1824 2826 lacum
1840 2767 2122 2846 accepisse
2135 2785 2352 2825 nomeu

1358 2852 1668 2929 probabilis
1712 2861 1796 2910 est
1834 2848 2122 2911 Menneu-ti
2164 2855 2353 2933 suspi-

1356 2937 1445 2996 cio
1495 2939 1534 2998 1.
1575 2939 1614 2998 l.
1659 2957 1793 3017 pag.
1837 2941 1986 3002 212.
2072 2940 2199 3009 Quo
2245 2957 2350 2996 eo-

1356 3020 1492 3080 dem
1521 3023 1679 3082 idem
1708 3023 1881 3081 refert
1921 3021 2165 3082 Ismaron
2191 3022 2349 3104 apud

1352 3107 1613 3166 Plinium
1631 3111 1706 3170 Η.
1737 3111 1809 3169 N.
1838 3109 1937 3182 IV,
1971 3112 2046 3172 11
2093 3109 2258 3186 (18)
2288 3109 2346 3182 §-

1436 3277 1762 3338 Βιστονίδα
1789 3277 1818 3353 ]
1893 3273 2168 3348 Βιστονὶς
2223 3277 2346 3338 scil.

1352 3363 1541 3440 λίμνη
1598 3361 1672 3420 ab
1715 3362 1834 3420 aliis
1879 3379 2146 3442 quoque,
2201 3372 2345 3432 teste

1351 3446 1802 3528 Stephan.Byz.,
1829 3449 2092 3506 scribitur
2105 3451 2249 3510 Βιστ
2261 3470 2344 3510 ω·-

1349 3535 1446 3607 vig
1477 3534 1657 3615 idque
1703 3535 1896 3612 ipsum
1924 3530 1986 3590 h.
2033 3533 2077 3591 l.
2106 3534 2343 3612 praebet

1350 3619 1568 3679 Aldina
1593 3619 1971 3683 coll.Aristot.
2001 3619 2074 3676 H.
2105 3619 2342 3693 A.V111‚

1358 3707 1435 3770 15
1470 3707 1530 3777 §.
1559 3709 1620 3767 2·-
1705 3705 1934 3785 Reliqui
1959 3703 2091 3762 libri
2117 3705 2178 3763 in
2207 3706 2343 3764 vul-

1350 3799 1483 3869 gata
1527 3792 1828 3872 scriptura,
1870 3808 2047 3871 quam
2093 3789 2340 3850 eandem

1347 3871 1591 3955 praebet
1643 3874 1840 3934 Schol.
1896 3875 2089 3955 Apoll.
2146 3873 2338 3936 Rhod.

1344 3963 1418 4034 11,
1451 3965 1598 4026 706.
1629 3961 1821 4021 Strab.
1850 3961 1956 4020 vn
1983 3961 2084 4020 fin.
2115 3963 2340 4022 Aeliau.

1344 4049 1417 4106 N.
1446 4048 1522 4111 A.
1551 4047 1681 4120 XV,
1705 4047 1809 4111 25.
1857 4046 2108 4104 Ptolem.
2137 4048 2237 4119 111,
2259 4049 2330 4108 11

1346 4134 1720 4192 conveniunt.
1767 4133 1983 4204 mvn,
2005 4134 2337 4194 1100mnes

1344 4219 1477 4277 libri
1517 4218 1801 4290 Βίστονες
1818 4261 1836 4293 ,
1878 4217 1980 4296 qui
2018 4215 2176 4274 lacus
2201 4226 2336 4274 sunt

1348 4302 1600 4378 accolae,
1629 4321 1806 4383 quem
1833 4297 2003 4358 valde
2034 4310 2340 4360 extensum

1350 4391 1431 4448 ait
1457 4387 1752 4469 scymnus
1780 4383 1957 4446 Chius
1985 4388 2106 4452 673
2125 4429 2144 4462 ,
2182 4406 2340 4446 nunc
