2967 5150
809 450 938 513 124

1403 448 2121 507 HERODOTI.

809 610 1028 699 φυλὰς
1084 612 1533 699 μετωνόμασε,
1590 614 1697 681 καὶ
1756 612 2015 700 ἐποίησε
2072 618 2361 693 πλεῦνας
2418 614 2483 693 ἐξ,
2541 612 2733 683 ilud,-
2750 624 2823 676 95

727 891 946 969 φίλους
972 891 1422 995 προστίθεσθαι
1447 891 1639 973 (quod
1672 895 1721 966 Ι,

727 978 809 1043 56
839 974 1052 1035 dieitur
1079 971 1585 1057 προσκτήσασθαι
1616 978 1723 1055 φί-

719 1066 893 1137 λονς)
917 1067 1116 1121 πείσω
1137 1062 1246 1123 sibi
1269 1062 1573 1135 conciliare,
1616 1063 1721 1123 ad-

723 1150 948 1223 iungere
973 1146 1130 1226 apud
1140 1145 1478 1228 Thuoydid.
1502 1150 1599 1223 VI,
1624 1150 1721 1211 18-

723 1230 944 1290 Herod.
971 1234 1074 1308 111,
1102 1231 1212 1297 74.
1277 1234 1440 1305 Quae
1474 1232 1720 1325 qfferens

724 1315 1208 1393 Valckenaerius,
1247 1319 1329 1377 ita
1358 1297 1717 1397 subscripsit.

723 1404 924 1476 „num
965 1404 1197 1461 favebat
1224 1404 1642 1485 optimatibus
1624 1424 1719 1462 ιιι-

720 1490 918 1569 primis
945 1492 1222 1569 Isagoras,
1263 1488 1617 1548 adversarius
1658 1492 1720 1547 in

724 1572 1180 1633 administranda
1244 1574 1543 1655 republica
1598 1574 1721 1632 eli-

721 1656 940 1719 sthenis
977 1660 1220 1719 restituit
1259 1661 1440 1740 plebis
1471 1662 1716 1719 auotori-

722 1755 939 1820 tatem3
985 1764 1163 1827 quam
1213 1747 1276 1802 in
1317 1746 1563 1825 imperio
1606 1762 1721 1825 po-

725 1827 910 1909 pulari
939 1830 1309 1889 constitutam
1335 1851 1372 1888 a
1385 1832 1604 1888 Solone
1621 1831 1717 1888 Pi-

721 1918 974 1973 sistratus
1045 1914 1268 1997 filiique
1335 1914 1721 1974 labefactave-

723 2010 870 2057 rant.
888 2003 926 2033 ‘⁶
1029 1998 1184 2058 Add.
1249 2007 1723 2081 προσποιεῖσθαι

722 2084 791 2159 V,
823 2089 902 2149 71
931 2086 1074 2167 ibiq.
1101 2094 1249 2143 nott.
1334 2086 1554 2157 Quibus
1580 2105 1721 2147 vero

721 2172 1060 2229 muneribus
1111 2172 1397 2252 populum
1452 2170 1561 2231 sibi
1614 2171 1720 2230 de-

723 2258 973 2314 vinxerit
989 2256 1324 2333 Clisthenes,
1354 2255 1721 2334 commemo-

724 2350 812 2399 rat
834 2342 1069 2400 isocrat.
1083 2344 1375 2423 Areopeg.
1405 2328 1467 2406 6.
1497 2363 1556 2423 p.
1575 2346 1717 2407 220.

723 2427 812 2484 De
839 2426 969 2505 Big.
1021 2429 1099 2490 10
1128 2446 1263 2506 pag.
1292 2430 1436 2491 612.
1522 2428 1717 2509 Atque

725 2508 802 2569 ad
829 2510 945 2569 hoo
975 2510 1279 2571 Clisthenis
1319 2510 1577 2571 studium
1604 2532 1718 2594 po-

721 2599 922 2678 pulare
950 2607 1205 2684 spectare
1221 2595 1449 2658 videtur
1457 2597 1717 2659 Waohs-

720 2681 951 2744 muthio
976 2681 1022 2757 1,
1046 2687 1077 2746 1
1098 2705 1156 2763 p.
1176 2688 1302 2748 269
1326 2697 1448 2744 not.
1477 2689 1563 2749 24-
1590 2703 1717 2742 ver-

723 2771 864 2826 bum
915 2767 1282 2849 ἐλευθεροῦν
1300 2815 1315 2840 ,
1375 2789 1495 2850 quo
1544 2789 1717 2849 supra

719 2857 926 2912 Noster
951 2873 1088 2912 usus
1119 2854 1190 2928 V,
1222 2853 1323 2918 65.
1353 2855 1455 2930 66,
1485 2853 1585 2914 ubi
1612 2852 1716 2914 Tu

721 2937 838 2998 vid.
869 2947 1014 2997 nott.

805 3019 909 3098 wic
933 3019 1134 3103 φυλᾰς
1159 3019 1562 3104 μετωνόμασε,
1610 3023 1716 3090 καὶ

719 3107 964 3189 {uolnus
1025 3114 1292 3184 πλεῦνας
1349 3109 1414 3185 ἐξ
1470 3105 1717 3174 ἔλασσό-

721 3196 887 3272 νων]
953 3198 1251 3256 Pertinent
1320 3193 1471 3274 huo,
1564 3213 1714 3278 quae

720 3301 894 3384 supra
938 3292 1164 3341 exstant
1207 3283 1277 3356 V,
1331 3286 1449 3346 662
1506 3303 1711 3362 τετρα-

721 3363 956 3444 φύλους
982 3359 1191 3440 ἐόντας
1209 3367 1585 3446 Αθηναίους
1606 3367 1711 3428 ds·

719 3446 1034 3532 καφῦλους
1102 3452 1363 3532 ἐποίησε.
1467 3451 1713 3512 Clisthe-

717 3539 1712 3698 tst1z¹3st⁰ffssffi²ztifi2¹33⁰30⁰ff

721 3727 837 3780 ves,
877 3728 983 3788 per
1022 3727 1165 3788 quas
1195 3729 1396 3778 omnes
1436 3706 1638 3768 demos
1664 3731 1712 3769 s.

718 3793 892 3868 vicos,
923 3812 1174 3874 quorum
1199 3813 1509 3853 numerum
1538 3795 1715 3872 vulgo

718 3875 952 3938 tradunt
967 3879 1278 3954 CLXXIV,
1305 3882 1384 3939 ita
1409 3878 1713 3956 distribuit,

721 3974 786 4022 ut
815 3966 1050 4045 quaevis
1079 3967 1259 4026 tribus
1285 3987 1334 4024 s.
1377 3961 1543 4044 φυλὴ
1580 3987 1713 4024 cer·-

719 4060 846 4107 tum
881 4049 1176 4131 quendam
1231 4051 1710 4132 complecteretur

715 4133 1020 4194 demotum
1083 4155 1415 4197 numerum.
1513 4140 1707 4217 Atque

715 4217 826 4279 Ιιοο
855 4222 1046 4300 ipsiuu
1076 4233 1188 4298 est,
1237 4221 1396 4304 quod
1437 4221 1707 4280 Herodo-

713 4317 804 4366 tus
842 4309 1018 4386 paulo
1061 4319 1190 4388 post
1245 4307 1332 4368 his
1388 4311 1707 4366 enuntiavit

712 4393 931 4452 verbist
989 4391 1132 4456 δέκα
1161 4391 1226 4458 δὲ
1264 4393 1366 4457 καὶ
1417 4389 1559 4467 τούς
1596 4389 1705 4470 δή·

1806 912 1961 969 μους
2006 890 2291 971 mium
2328 892 2392 965 ἐς
2436 886 2548 964 τᾶς
2584 888 2822 967 φυλὰς,

1804 980 1849 1035 i.
1878 998 1931 1035 e.
1960 980 2019 1037 in
2066 976 2243 1038 decem
2278 996 2398 1037 vero
2442 978 2617 1037 tribus
2648 982 2823 1037 etiam

1806 1062 1976 1121 danos
2062 1062 2339 1123 distribuit
2430 1062 2821 1141 (singulos);

1810 1167 1987 1228 quem
2048 1148 2164 1205 loci
2214 1168 2450 1206 sensum
2506 1168 2633 1207 esse
2694 1150 2819 1207 iam

1812 1235 1961 1291 bene
1990 1231 2137 1291 vidit
2166 1235 2387 1293 Corsini
2416 1235 2477 1291 in
2494 1235 2655 1292 Fast.
2686 1235 2820 1293 Att.

1770 1320 1885 1385 „111
1926 1337 2061 1397 pag.
2096 1322 2219 1383 128
2264 1338 2298 1375 a
2348 1318 2453 1377 Cr.
2496 1316 2818 1393 laudatus;

1802 1422 2162 1485 quamquam
2186 1414 2339 1477 sunt,
2370 1405 2473 1487 qui
2494 1398 2645 1463 haee
2674 1424 2818 1461 ver-

1804 1490 1877 1547 ba
1904 1490 1987 1547 ita
1999 1489 2341 1567 intelligant,
2376 1498 2441 1547 ut
2460 1488 2523 1545 in
2542 1490 2815 1567 singulas

1804 1574 1983 1633 tribus
2024 1572 2230 1631 decem
2264 1570 2582 1633 Clisthenes
2610 1572 2811 1632 distri-

1802 1658 1993 1718 buerit
2010 1656 2244 1717 demos:
2284 1678 2359 1717 ex
2388 1678 2505 1740 quo
2534 1660 2812 1717 omnium

1802 1746 2062 1803 tribuum
2090 1744 2337 1803 efficitur
2364 1762 2643 1803 numerus
2663 1766 2811 1803 oen-

1802 1832 2074 1903 tenatius,
2116 1848 2149 1887 a
2178 1826 2468 1889 Clisthene
2484 1832 2636 1889 bene
2658 1850 2809 1889 oon-

1800 1917 2048 1989 stitutus,
2069 1916 2171 1995 qui
2184 1916 2405 1995 primus
2422 1934 2635 1993 agrum
2654 1918 2811 1974 Atti-

1804 2020 1943 2059 cum
1993 2004 2055 2058 in
2098 2012 2342 2059 eentum
2382 1999 2637 2060 diviserit
2667 2020 2807 2081 par-

1805 2097 1909 2161 tes,
1954 2084 2161 2168 quibus
2192 2078 2413 2167 δήμων
2434 2084 2663 2145 dederit
2693 2106 2809 2143 no—

1800 2191 1961 2229 men.
2062 2171 2231 2231 conf.
2296 2168 2657 2232 ὃοΙιόιιιοιιιι.
2717 2174 2807 2229 De

1804 2258 2040 2317 Comitt.
2069 2276 2205 2336 pag.
2237 2260 2359 2321 363
2389 2276 2508 2337 seq.
2556 2258 2693 2319 coll.
2738 2257 2803 2317 C.

1800 2344 1869 2403 F.
1898 2344 2218 2401 Hermann.
2233 2340 2544 2401 Lehrbuch
2582 2341 2805 2401 d.Hel-

1798 2428 1917 2487 len.
1948 2424 2363 2488 Staatsalterth.
2406 2430 2463 2499 §.
2498 2431 2613 2492 111
2669 2447 2805 2507 pag.

1799 2514 1945 2578 209.
2028 2514 2110 2573 At
2152 2532 2352 2573 omnes
2378 2510 2605 2588 demes,
2654 2534 2805 2594 quos

1798 2601 2069 2662 novimus
2088 2643 2103 2674 ‚
2130 2599 2181 2660 si
2206 2609 2601 2678 supputemus,
2632 2599 2807 2656 mul-

1799 2695 1859 2744 to
1900 2687 2090 2747 maior
2122 2702 2306 2766 quum
2346 2685 2549 2742 existat
2577 2703 2805 2742 nume-

1800 2789 1897 2830 rus
1937 2770 2105 2848 (nam
2152 2781 2389 2828 eentum
2430 2773 2801 2848 septuaginta

1798 2865 2048 2938 quatuor
2064 2857 2245 2914 ferme
2258 2857 2525 2914 novimus
2542 2854 2799 2930 demos),

1800 2961 2101 3024 quumque
2138 2943 2235 3002 vel
2276 2951 2410 3000 ante
2438 2939 2797 3000 Clisthenem

1799 3025 2105 3088 demotum
2162 3029 2499 3090 inveniatur
2551 3027 2795 3102 mentio,

1798 3132 1945 3215 quos
1986 3115 2162 3192 igitur
2203 3129 2238 3171 a
2266 3109 2559 3175 Clisthene
2604 3113 2793 3192 primo

1796 3200 2083 3258 institutos
2112 3207 2171 3258 et
2186 3199 2519 3282 temporuin
2547 3195 2793 3257 decursu

1794 3303 1829 3342 a
1858 3287 2189 3343 centenario
2242 3303 2489 3342 numero
2532 3281 2613 3342 ad
2656 3303 2795 3342 cen-

1798 3380 1923 3428 tum
1952 3371 2316 3452 septuaginta
2338 3380 2585 3451 quatuor
2612 3387 2793 3450 usque

1797 3457 2040 3515 crevisse
2084 3471 2383 3536 negamus,
2428 3453 2793 3516 dissentiente

1798 3543 2062 3622 quamvis
2086 3543 2211 3622 ipso
2240 3535 2557 3598 Niebuhrio
2590 3541 2787 3616 (Rom.

1796 3627 2066 3689 Histor.1
2092 3646 2227 3708 pag·
2258 3625 2786 3706 426.11pag.377

1798 3713 1933 3774 coll.
1988 3709 2401 3771 Waohsmuth.
2444 3713 2487 3770 l.
2529 3711 2573 3770 l.
2618 3713 2692 3783 11,
2752 3711 2777 3770 1

1799 3817 1933 3877 pag.
1964 3799 2095 3876 22),
2140 3798 2242 3855 vix
2268 3797 2369 3854 illa
2397 3795 2635 3878 quidem
2672 3805 2787 3853 sta-

1798 3903 1860 3942 re
1916 3885 2123 3964 poterit
2178 3884 2587 3962 interpretatio.
2672 3883 2787 3938 lta-

1796 3987 1912 4050 que
1926 3967 2413 4050 aequiescendmn
2438 3969 2495 4025 in
2528 3987 2597 4026 ea
2614 3983 2785 4047 quam

1794 4051 2060 4113 dedimus
2130 4055 2245 4112 loci
2322 4054 2785 4132 interpretatione

1790 4140 2028 4218 probatu
2102 4159 2336 4220 quoque
2400 4136 2781 4215 Wesselingio

1790 4235 1850 4282 et
1890 4227 2014 4284 aliis
2062 4223 2339 4284 Herodoti
2382 4224 2782 4304 interpretibus

1789 4312 2012 4392 ipsique
2042 4308 2493 4370 Wachsmuthio
2538 4311 2578 4368 1.
2602 4311 2643 4372 1.
2674 4311 2719 4380 1,
2750 4309 2774 4365 1

1790 4415 1925 4475 pag.
1956 4399 2099 4469 271,
2128 4397 2495 4475 improbante
2526 4389 2780 4476 quamvis
