2967 5150
604 408 741 465 An
812 404 1715 481 uenenorum-vr,
1792 406 1908 470 69.
2238 408 2370 473 aaa

123 576 349 635 asinarii
378 574 623 636 infames
652 575 953 660 dignutus-2
996 575 1317 635 Pausaniae
1338 572 1600 633 doctrina
1619 569 1960 635 hunc'nobis
1987 594 2160 635 usum
2187 594 2366 657 prae-

123 689 249 755 stat,
276 688 341 739 ut
366 678 653 759 Alopecus
681 666 853 736 heros
878 676 1005 756 mss·
1024 680 1172 737 asisii
1194 676 1672 755 significationem
1687 696 2027 737 conservare
2039 676 2370 739 videatur.“

290 778 451 856 „Sed
480 775 669 861 quid?
710 785 948 860 quaerat
976 780 1278 859 quispiam.
1366 778 1704 839 contemtus
1745 782 2032 841 asinarius·
2065 793 2122 840 et
2164 792 2366 841 tamen

124 880 393 941 heroibus
416 884 781 962 interpositus
804 891 979 964 atque
1005 880 1153 941 adeo
1182 880 1622 941 Heraclidamm
1651 884 1811 964 quasi
1841 884 2190 962 imaginibus
2235 886 2368 943 illa-

124 980 261 1043 tus?
300 1018 389 1029 —-
430 986 682 1066 Uterque
722 1005 929 1065 porro,
978 1002 1116 1045 cum
1144 986 1193 1045 is
1215 1030 1233 1060 ‚
1277 986 1379 1065 qui
1411 986 1485 1043 ab
1513 988 1685 1045 asinis
1720 1006 1942 1045 nomen
1979 984 2194 1059 habet,
2238 997 2366 1045 tum

127 1088 229 1168 qui
253 1107 287 1147 a
314 1089 487 1167 vulpe
502 1132 519 1162 ,
542 1106 837 1147 sacrorum
858 1088 1033 1146 etiam
1060 1088 1326 1145 minister
1346 1090 1732 1169 inventorque
1747 1084 1780 1147 Ξ)
1807 1086 2018 1147 Audio.
2065 1092 2248 1169 Igitur
2275 1091 2366 1148 al·-

124 1191 239 1249 tius
284 1187 697 1271 inquirendum
740 1200 799 1249 et
840 1188 1325 1249 considemndum
1366 1190 1536 1249 nobis
1577 1200 1662 1249 est
1682 1233 1701 1266 ,
1744 1189 2040 1273 quamodo
2067 1189 2213 1251 haec
2241 1202 2368 1251 tam

126 1290 371 1351 absurda
404 1291 587 1370 digeri
629 1294 849 1370 possint
892 1303 951 1351 et
989 1294 1275 1373 concoqui
1312 1290 1770 1374 quodammodo.
1851 1293 1980 1365 Qua
2019 1296 2082 1351 iu
2129 1314 2194 1352 re
2230 1304 2366 1355 aute

127 1397 321 1453 omnia
344 1392 489 1457 illud
516 1393 880 1470 cavendum,
920 1414 1001 1454 ne
1030 1394 1105 1454 ad
1148 1396 1330 1455 nostri
1368 1396 1591 1473 ingenii
1631 1412 1983 1477 morumque
2034 1408 2366 1455 nostrorum

123 1496 386 1557 indolem
414 1498 725 1557 referamus
754 1500 967 1577 priscas
992 1498 1296 1576 religiones
1323 1496 1787 1579 religionumque
1813 1509 2046 1557 tesseras
2076 1516 2144 1556 ac
2192 1498 2367 1559 fabu-

124 1601 231 1661 las.
312 1602 394 1659 Et
418 1620 618 1659 noune
642 1602 705 1657 in
748 1602 1069 1665 vernaculis
1104 1603 1285 1659 etiam
1324 1596 1610 1659 chronicis
1636 1602 1894 1675 nomina,
1925 1602 1996 1659 ab
2026 1602 2370 1661 animalibus

128 1701 391 1763 desumta
404 1745 425 1777 ,
496 1703 765 1783 imposita
819 1704 1185 1785 reperiuntur
1224 1704 1361 1764 viris
1414 1704 1768 1784 principibus
1812 1722 1882 1763 ac
1933 1701 2226 1763 honoratis
2272 1706 2372 1763 in-

126 1807 329 1886 primis
349 1800 381 1864 ?
401 1804 439 1839 “

300 1908 463 1979 Quae
482 1908 601 1967 iam
621 1928 658 1967 a
688 1908 737 1969 G
746 1928 797 1966 r.
828 1908 1143 1969 instituitur
1170 1908 1474 1989 disputatio
1493 1954 1511 1986 ,
1553 1910 1782 1990 longior
1818 1928 1994 1991 quam
2023 1930 2173 1992 quae
2201 1909 2370 1969 ,inte-

126 2028 239 2090 gra
264 2007 381 2069 huc
398 2022 742 2091 apponatur,
766 2012 840 2069 ab
868 2014 1168 2093 Aegyptiis
1194 2012 1415 2073 orditur
1442 2014 1689 2086 asinum,
1717 2010 2092 2093 Typhoniam
2106 2012 2370 2088 bestiam,

130 2114 637 2175 contemnentibus
660 2158 677 2187 ‚
704 2116 1091 2173 mulcentibus
1120 2124 1179 2175 et
1202 2126 1403 2175 temen
1432 2118 1516 2175 rei
1543 2134 1736 2175 sacrae
1767 2114 2020 2175 eundem
2041 2114 2371 2175 adhibenti-

128 2218 241 2275 bus
258 2256 283 2285 ,
323 2218 599 2276 nimirum
626 2217 861 2291 Isiacae,
890 2237 961 2277 eo
988 2218 1119 2277 scil
1134 2237 1331 2293 ssu,
1372 2229 1439 2277 ut
1464 2229 1748 2300 tanquam
1771 2220 1950 2297 turpis
1978 2218 2158 2277 bestia
2185 2234 2372 2297 oppo—

126 2328 369 2379 neretur
408 2319 783 2381 nobilioribus
817 2338 886 2376 ac
928 2322 1119 2399 specie
1153 2319 1259 2380 suit
1298 2322 1673 2402 moribusque
1699 2306 2056 2401 Typhonem
2083 2318 2376 2401 quodam·-

128 2420 313 2481 modo
342 2423 579 2484 referret
602 2442 741 2481 cum
768 2432 969 2481 contra
998 2424 1167 2495 canui,
1194 2423 1330 2499 Ubus,
1354 2424 1504 2483 aliae
1531 2424 1745 2483 bestiae
1775 2426 1836 2481 in
1863 2421 2098 2483 historia
2141 2420 2380 2481 Osiridis

127 2524 296 2587 secr-a
332 2544 567 2588 summo
588 2522 829 2586 imnum
865 2526 1313 2605 impertirentur.
1398 2525 1568 2586 Unde
1609 2526 1920 2609 antiquitus
1935 2568 1952 2603 ,
2003 2524 2192 2605 pergit
2235 2523 2284 2584 C
2297 2544 2376 2599 π,

132 2631 365 2688 asinarii
394 2639 453 2687 et
477 2630 588 2708 ipsi
613 2630 677 2690 in
705 2639 1031 2690 contemtus
1056 2630 1387 2690 societatem
1412 2641 1714 2689 venerunt.
1799 2619 1910 2689 cui
1947 2629 2148 2707 generi
2180 2624 2378 2688 homi-

132 2751 285 2790 num
304 2729 741 2814 quodammodo
770 2733 1059 2794 accenseri
1077 2743 1314 2811 possunt
1342 2733 1520 2792 etiam
1546 2733 1640 2792 isti
1665 2738 1898 2812 ugyrtae
1914 2777 1931 2806 ‚
1977 2731 2078 2812 qui
2103 2727 2214 2790 diis
2241 2728 2384 2788 dea-

132 2839 363 2916 busque
404 2838 615 2915 stipem
644 2835 1040 2915 ,corrogabant
1074 2844 1135 2894 et
1164 2835 1353 2894 asello
1380 2832 1741 2895 vehebantur
1789 2833 1931 2910 (vid.
1967 2830 2282 2894 Ruhnken.
2311 2831 2388 2892 ad

133 2939 375 2996 Timaei
398 2941 544 2998 Lex.
575 2940 721 3002 Plat.
750 2959 810 3017 p.
844 2938 974 3014 10).
1060 2936 1279 2998 Verum
1307 2939 1495 3018 prisco
1523 2955 1666 2998 aevo
1687 2936 1845 2996 haud
1873 2936 2051 2996 dubie
2076 2934 2388 2997 honestum

134 3039 256 3096 fuit
296 3035 411 3096 hoc
450 3059 745 3100 sacrorum
782 3038 1175 3102 curandorum
1202 3041 1460 3100 officium
1476 3084 1494 3115 ,
1551 3043 1598 3100 si
1641 3041 1878 3123 quidem
1903 3042 2028 3119 ipse
2052 3040 2150 3098 ille
2179 3039 2392 3099 Aberia·

132 3143 205 3200 in
234 3151 568 3220 agynarum
596 3160 843 3198 numero
876 3139 1197 3200 censendus
1212 3183 1231 3215 ,
1273 3152 1417 3200 teste
1454 3141 1775 3200 Iamblicho
1803 3143 1892 3200 De
1934 3142 2034 3199 vit.
2071 3137 2248 3218 Pyth.
2285 3159 2382 3219 cp.

138 3245 227 3307 19
258 3263 325 3324 p.
362 3244 469 3308 76.
551 3243 747 3324 Atque
788 3244 979 3320 ipsum
1018 3241 1383 3302 Herodotum
1420 3253 1683 3303 nostrum
1709 3253 1918 3312 testem
1945 3239 2218 3302 adhibere
2241 3261 2384 3321 pos—

126 3363 343 3406 sumus
376 3343 583 3405 veteris
610 3343 1061 3428 honestiori-sque
1087 3347 1263 3406 moris
1290 3357 1349 3405 et
1375 3345 1612 3427 qsn‘dem
1632 3350 1694 3404 in
1721 3347 1898 3426 ipsius
1912 3346 2134 3404 Dianae
2149 3345 2384 3422 religio-

128 3456 349 3529 nibus3
390 3450 473 3510 IV
474 3493 492 3525 ,
514 3449 596 3516 35
630 3449 759 3525 [ubi
786 3445 905 3508 vid.
951 3449 1152 3525 noml.
1236 3450 1399 3521 Quae
1427 3469 1566 3508 cum
1592 3451 1672 3508 ita
1705 3449 1849 3524 sint,
1876 3466 1998 3506 non
2032 3445 2384 3522 mirandum,

126 3559 338 3638 priscis
374 3553 697 3632 temporibus
736 3551 995 3612 eiusnodi
1038 3551 1369 3632 sacrificulos
1398 3558 1580 3630 utque
1627 3557 1858 3630 agyrtas
1871 3595 1890 3627 ‚
1953 3551 2164 3610 lincunt
2188 3567 2388 3629 quoque

128 3657 429 3719 honorum
450 3661 665 3719 matos
686 3653 1005 3731 heroicisque
1034 3656 1283 3731 gentibus
1316 3658 1650 3734 interpositos
1691 3675 1818 3714 esse.
1902 3654 2106 3733 Neque
2131 3653 2252 3710 iam
2277 3651 2392 3710 ob-

129 3777 385 3824 scurum
414 3769 531 3836 est,
586 3777 691 3820 cur
714 3775 1029 3818 sacrorum
1058 3757 1326 3818 inventor
1351 3755 1628 3839 idemque
1668 3757 2016 3818 sacrificulus
2043 3755 2390 3819 Astu-abacus

129 3861 401 3947 potuerit
441 3861 756 3922 Heraclidis
797 3862 1087 3922 accenseri
1124 3871 1297 3942 atque
1322 3861 1534 3921 sacello
1563 3861 1903 3942 coronisque
1941 3858 2182 3918 mactari
2207 3857 2394 3914 Lace-

130 3965 465 4028 daemone:
510 3974 571 4023 et
608 3964 767 4024 idem
805 3975 1005 4024 tamen
1030 3967 1295 4026 iocorum
1322 3965 1808 4045 cavillationisque
1847 3973 2258 4042 argumentum
2284 3979 2395 4019 ex-

132 4071 365 4131 hibere.
448 4069 601 4126 Nam
637 4070 977 4130 Demaratus
1018 4079 1077 4128 et
1105 4071 1207 4152 qui
1245 4071 1319 4130 ab
1349 4069 1594 4128 asinario
1624 4068 1863 4125 nomine
1903 4063 2137 4124 dicteria
2163 4063 2226 4120 in
2255 4081 2394 4120 eum

136 4171 458 4232 eliciebant
484 4171 810 4249 adversarii,
837 4172 1203 4231 Persicorum
1228 4182 1417 4233 aetate
1445 4172 1731 4231 bellorum
1758 4169 2059 4245 vixerunt3
2101 4187 2222 4250 quo
2237 4176 2394 4225 tem-

136 4295 292 4358 pore
316 4275 549 4334 licentia
577 4277 923 4356 optimatum
947 4276 1369 4334 Laconicorum
1394 4294 1592 4357 neque
1617 4291 1802 4354 usque
1831 4291 2062 4354 quaque
2093 4270 2394 4350 religioni-

140 4381 261 4438 bus
280 4379 559 4458 pepercit.
640 4375 763 4438 sed
790 4388 987 4436 tamen
1016 4378 1194 4436 etiam
1220 4387 1347 4437 tum
1374 4378 1570 4456 patriis
1607 4375 1976 4454 religionibus
2013 4374 2244 4452 publice
2273 4372 2394 4452 pri-
