2967 5150
695 404 826 467 374
1298 384 2014 460 ΗΕΒοοοΤι·

699 563 824 633 τὸν
869 552 1103 645 Πῖἄνα,
1159 561 1567 653 Ἀθηναίοισι
1607 562 1913 629 κελεῦσαι
1972 556 2361 645 ἀπαγγεῖλαι
2377 606 2393 636 ,
2452 555 2631 625 διότι

703 666 962 736 ἑωυτοῦ
1008 663 1324 753 οὐδεμίαν
1349 664 1725 752 ἐπιμέλειαν
1767 665 2128 743 ποιεῦνται,
2168 658 2395 739 ἐόντος
2422 656 2729 727 εὔνουΞΟ

639 776 644 785 ’
695 766 1128 857 Ἀθηναίοισι,
1175 768 1290 836 καὶ
1329 772 1624 857 πολλαχῆ
1662 766 2029 855 γενομένου
2070 764 2199 851 ἤδη
2241 762 2435 849 σφίσι
2474 784 2637 849 χρη-

661 876 946 961 ίσίμου,
1003 868 1085 939 τὰ
1146 866 1214 939 δ’
1272 870 1368 940 ἔτι
1424 872 1540 941 καὶ
1602 868 1949 957 ἐσομένου.
2049 866 2189 935 Καὶ
2240 870 2452 935 ταῦτα
2506 865 2643 951 μὲν

565 994 576 1003 ‘
694 972 1040 1063 Ἀθηναῖοι
1056 1023 1076 1056 ,
1120 972 1588 1044 καταστάντων
1631 976 1823 1059 σφίσι
1863 962 1940 1040 εὖ
1982 968 2113 1059 ἤδη
2146 974 2293 1038 ’τῶν
2326 966 2637 1057 πρηγμά-

703 1102 839 1149 των
858 1128 878 1161 ,
919 1074 1382 1159 πιστεύσαντες
1424 1074 1600 1146 εἶναι
1645 1072 1913 1165 ἀληθέα,
1958 1070 2321 1162 ἱδρύσαντο
2364 1072 2505 1141 ὑπὸ
2550 1074 2643 1160 τῇ

703 1178 1032 1267 ἄκροπόλι
1082 1178 1316 1261 Πανός
1377 1180 1531 1267 ἱρὸν
1543 1228 1566 1264 ,
1629 1180 1744 1248 καὶ
1800 1172 2016 1246 αὐτόν
2052 1172 2188 1245 efud
2228 1174 2474 1265 ταύτης
2512 1180 2639 1262 τῆς
2654 1184 2724 1237 25

701 1284 1002 1372 ἀγγελίης
1037 1285 1316 1373 θυσίῃσι
1358 1282 1681 1373 ἐπετείῃσι
1719 1282 1833 1350 καὶ
1872 1280 2171 1368 λαμπάδι
2214 1278 2627 1349 ἱλάσκονται.
2718 1278 2843 1343 487

407 1459 412 1465 .
459 1380 614 1455 106
708 1393 872 1459 Τότε
919 1388 990 1457 δὲ
1031 1386 1356 1477 πεμφθεὶς
1396 1384 1534 1454 ὑπὸ
1577 1390 1713 1454 τῶν
1756 1388 2141 1475 στρατηγῶν
2186 1382 2224 1451 ὁ
2279 1382 2631 1451 Φειδιππί-

199 1478 624 1591 ῗέῗιῖΕῺᾶζὲῙ
647 1518 666 1547 1
709 1497 830 1584 6ης
889 1484 1122 1575 οὗτος,
1193 1489 1300 1561 ὅτε
1341 1486 1466 1574 πέρ
1510 1493 1577 1560 οἱ
1618 1488 1745 1578 ἔφη
1772 1488 1886 1557 καὶ
1927 1482 2047 1556 cdv
2084 1490 2285 1556 Πᾶνα
2312 1490 2627 1573 φανῆναι,

622 1880 870 1957 Gregor.
915 1874 1052 1933 Gor.
1091 1872 1182 1931 De
1226 1870 1364 1932 dial.
1399 1870 1532 1929 lon.
1562 1871 1625 1941 §.
1708 1870 1738 1926 1
1764 1886 1828 1949 p.
1858 1868 2001 1932 156.
2030 1864 2163 1925 vm
2192 1866 2275 1925 Τ.
2303 1868 2333 1923 1
2356 1883 2421 1946 p.
2454 1866 2544 1928 89
2571 1866 2725 1944 lac.)

599 1966 701 2027 .71
733 1982 794 2041 p.
839 1958 964 2027 480
1007 1955 1296 2034 Schaef.‚*
1339 1960 1627 2037 probante
1710 1964 1771 2011 et
1826 1952 2121 2033 inscriptio
2174 1954 2352 2011 Panis
2407 1962 2641 2011 statuae
2689 1972 2725 2009 a

621 2045 934 2121 Larchero,
979 2045 1198 2104 restitui
1225 2044 1352 2103 vult
1381 2036 1627 2105 εὐνόου.
1714 2036 2020 2101 Simonide
2046 2040 2199 2097 facta
2228 2034 2394 2117 (ibid.
2424 2037 2461 2095 Ῑ
2480 2058 2543 2118 Ρ.
2579 2040 2729 2101 181.

620 2136 738 2191 Pro
769 2150 880 2213 σφι
897 2130 1032 2191 dedi
1054 2150 1191 2191 cum
1207 2126 1547 2209 Schweigh.
1569 2136 1629 2187 et
1712 2126 1966 2185 XXVIII
2009 2126 2089 2184 T.
2132 2124 2161 2181 1
2206 2144 2266 2205 p.
2312 2128 2394 2188 68
2438 2125 2559 2181 Iac.
2588 2124 2727 2183 coll.

1710 2211 1797 2270 111
1822 2232 1881 2291 Ρ.
1924 2210 2050 2275 205
2094 2209 2377 2269 ccnxw
2420 2212 2545 2269 sive
2594 2210 2729 2267 An-

1712 2294 1937 2377 tholog.
1952 2298 2080 2355 Lib.
2098 2296 2177 2355 IV
2204 2314 2267 2376 p.
2284 2299 2406 2360 172
2418 2294 2593 2369 Iam).
2632 2294 2731 2354 Ad

1716 2371 2069 2447 ἱλάσκονται
2096 2382 2254 2441 conf.
2282 2382 2355 2457 V,
2386 2381 2490 2446 47.
2522 2382 2627 2457 IV,
2668 2386 2731 2445 7.

623 2218 805 2277 Gaisf.
859 2218 1053 2294 σφίσι.
1141 2212 1316 2288 Quod
1367 2216 1631 2296 sequitur

622 2299 698 2367 τὰ
729 2296 803 2378 δ’,
847 2304 948 2361 ubi
1009 2321 1134 2361 non
1187 2304 1499 2382 praecessit
1553 2294 1629 2361 τοῖ

625 2384 758 2470 μὲν,
788 2390 978 2467 attigit
1001 2384 1282 2447 Matthiae
1312 2388 1416 2446 Gr.
1445 2388 1550 2446 Gr.
1566 2406 1629 2467 p.

627 2474 756 2541 579
787 2476 847 2547 §.
878 2476 1002 2539 288
1041 2484 1164 2533 not.
1194 2470 1256 2537 4.

715 2588 1141 2658 καταστάντων
1175 2591 1352 2672 σφίσι
1391 2582 1478 2662 εὖ,
1508 2585 1633 2669 ἤδη

625 2685 752 2744 τοῖν
807 2675 1218 2760 πρηγμάτων]
1291 2679 1336 2738 i.
1379 2695 1432 2740 e.
1476 2677 1635 2736 rebus

627 2767 758 2828 bem
785 2768 1109 2826 constitutis.
1193 2763 1426 2824 Eodem
1449 2759 1634 2822 modo

625 2855 835 2916 Noster
860 2852 988 2926 vn,
1021 2854 1146 2916 182
1170 2851 1304 2912 ooll-
1339 2849 1481 2914 158.

717 2978 1045 3066 ἱδρύσαντο
1071 2981 1194 3047 ὕπὸ
1221 2987 1302 3072 τῇ
1337 2975 1636 3066 α’κροπόλι

635 3067 850 3146 Πανός
901 3067 1088 3150 ἱρὸν]
1139 3071 1268 3132 Hoc
1307 3071 1484 3129 Panis
1544 3069 1637 3126 fa-

632 3175 782 3216 num
822 3156 1116 3240 hodieque
1160 3165 1488 3216 monstrant
1527 3155 1635 3214 sub

631 3245 754 3324 ipsa
800 3263 932 3303 arce
973 3246 1150 3304 situm
1179 3241 1336 3302 hand
1363 3243 1540 3320 longe
1562 3241 1639 3300 ab

633 3329 891 3409 angustis
919 3327 1210 3409 gradibus,
1241 3329 1449 3412 quibus
1477 3346 1515 3384 a
1542 3345 1639 3386 se-

633 3417 964 3496 ptentrione
994 3413 1069 3476 ad
1087 3431 1280 3474 arcem
1301 3411 1639 3473 escendunt.

636 3502 792 3574 Quin
819 3503 955 3582 ipsis
981 3501 1044 3558 in
1071 3499 1267 3558 munis
1289 3499 1404 3558 hoc
1433 3499 1641 3556 fanum

635 3597 966 3668 comparet,
1011 3583 1085 3644 de
1115 3603 1231 3668 quo
1257 3585 1426 3666 plura
1453 3587 1641 3644 Kruse

636 3673 832 3731 Hellas
858 3673 933 3748 11,
968 3674 999 3733 1
1030 3689 1168 3750 pag.
1203 3673 1323 3734 119
1338 3689 1502 3754 seqq.
1534 3671 1639 3734 Cr.

638 3755 712 3816 de
762 3755 878 3816 hoc
932 3757 1181 3814 sacrario
1239 3757 1464 3815 consuli
1516 3755 1643 3817 vult

639 3841 860 3902 Stuart.
909 3841 973 3898 in
1013 3841 1258 3923 Antiqq.
1300 3839 1517 3902 Athen.
1568 3843 1640 3904 P.

638 3930 695 3986 11
719 3948 782 4008 p.
803 3926 929 3992 248
947 3946 1097 3992 vers.
1113 3947 1376 4007 german.
1401 3927 1645 4006 (Barm-

640 4012 787 4073 stad.
822 4011 1032 4091 1828).
1105 4015 1236 4073 Huc
1268 4033 1505 4097 quoque
1518 4035 1647 4095 per-

640 4101 787 4160 tinet
828 4097 1072 4158 scoliam
1110 4101 1172 4157 in
1214 4097 1309 4159 dei
1360 4099 1647 4159 honorem

642 4195 772 4266 post
782 4200 1044 4266 pugnam
1057 4183 1484 4245 Marathoniam
1502 4205 1647 4245 can-

642 4281 831 4330 tatum
872 4290 907 4329 a
946 4265 1028 4330 ud
1051 4269 1270 4333 Athen.
1311 4273 1441 4348 XV,
1475 4270 1551 4336 14
1582 4291 1645 4352 Ρ.

644 4354 769 4421 694
795 4357 865 4418 D.
945 4357 1232 4420 Analectt.
1277 4367 1415 4418 vett.
1457 4367 1638 4438 poctt.

1648 2504 1653 2511 ·
1720 2470 1854 2528 coll.
1914 2468 2014 2541 vl,
2074 2470 2179 2532 69.
2248 2468 2412 2527 Voce
2450 2463 2733 2549 λαμπάδι

1716 2553 2005 2614 indicetur
2034 2550 2081 2634 ἦ
2104 2554 2591 2635 λαμπαδηφορία
2620 2552 2733 2618 ιδ

1718 2642 2144 2720 λαμπαδοῦχος
2171 2632 2359 2724 ἆγιέν,
2400 2642 2571 2699 cuius
2598 2661 2729 2700 cre-

1714 2727 1823 2787 bro
1876 2727 1945 2784 fit
1984 2729 2206 2784 mentio
2248 2727 2313 2784 in
2366 2727 2729 2785 solemnibus

1719 2807 2069 2896 quibusdam
2122 2810 2578 2872 Atheniensium
2593 2859 2609 2888 ‚
2666 2814 2731 2870 in

1716 2895 2007 2957 honorem
2032 2891 2280 2956 Vulcani
2296 2944 2314 2975 ,
2362 2895 2734 2973 Promethei,

1718 2985 1895 3044 Panis
1913 3028 1932 3059 ,
1976 2985 2289 3042 Minervae*
2322 2995 2503 3066 atque
2550 2987 2734 3044 etiam

1718 3071 1960 3144 Dianae,
1976 3071 2185 3151 quibus
2198 3071 2541 3129 numinibus
2554 3073 2735 3150 igne-

1722 3175 1821 3214 am
1853 3153 2151 3238 quandam
2192 3157 2318 3216 vim
2348 3174 2417 3215 ac
2440 3155 2733 3216 sideream

1721 3241 2149 3324 coelestemque
2176 3242 2290 3301 coli
2316 3259 2498 3302 nemo
2526 3245 2735 3304 nescit.

1721 3329 1811 3387 Ac
1850 3329 2090 3388 iuv‘enes
2124 3328 2191 3385 in
2230 3327 2333 3387 tali
2367 3329 2520 3388 festo
2562 3349 2737 3388 cursu

1723 3414 2023 3473 certabant
2073 3431 2257 3472 manu
2314 3425 2611 3494 gestantes
2652 3417 2737 3474 fa-

1723 3519 1856 3559 cem
1884 3514 2206 3576 accensam,
2240 3516 2389 3582 quae
2416 3520 2497 3558 ne
2526 3503 2741 3584 inipso

1724 3605 1899 3646 cursu
1942 3587 2407 3666 exstingueretur
2422 3631 2440 3662 ,
2468 3589 2738 3648 maxima

1723 3673 2071 3731 certantium
2096 3671 2208 3730 fuit
2236 3691 2393 3730 cura.
2480 3675 2589 3734 Tu
2618 3673 2741 3734 vid.

1724 3757 2093 3840 potissimum
2146 3755 2535 3818 Broendsted.
2578 3759 2735 3822 neta.

1725 3865 1788 3904 u.
1806 3839 2318 3924 Untersnchungg.
2338 3847 2396 3902 11
2424 3863 2565 3924 pag.
2588 3851 2739 3922 290,

1728 3931 1829 3988 ubi
1856 3927 2175 3989 Herodotei
2196 3948 2434 4012 quoque
2454 3933 2573 3990 loci
2602 3951 2739 3989 me-

1732 4017 1925 4079 minit.
1988 4015 2103 4075 Cr.
2133 4026 2430 4095 praeterea
2480 4019 2739 4076 consu-ri

1728 4103 1874 4176 vult,
1906 4121 2057 4184 quae
2082 4102 2145 4161 in
2173 4105 2447 4185 Praepar.
2483 4101 2563 4162 ad
2584 4105 2743 4164 Plo-

1726 4189 1835 4249 tin.
1862 4191 1952 4247 De
1980 4189 2211 4270 pulerit.
2249 4209 2313 4272 p.
2354 4191 2583 4250 xxvn
2611 4209 2741 4272 seq.

1728 4283 1788 4333 et
1830 4272 1988 4355 apud
2032 4273 2249 4336 Herod.
2294 4277 2460 4352 vm,
2506 4277 2593 4342 98
2626 4297 2740 4335 ex-

1725 4369 1896 4421 stunt·
